3128 5016
278 744 320 812 30
545 757 752 810 nrsrmuun
775 757 880 809 Anca
902 751 1020 809 nouus

278 925 481 1009 persuadere
495 925 572 993 vult
587 932 731 993 mortem
748 946 767 993 e
782 924 1029 1007 scariphatione
1056 927 1178 994 manus
1203 946 1278 1006 pro

279 1027 421 1095 venisse.
437 1025 525 1106 Non,
542 1024 673 1105 Hercle,
688 1025 723 1093 in
739 1024 820 1093 orbe
835 1032 1005 1093 terrarum
1031 1032 1083 1093 est
1106 1045 1278 1095 venenum

278 1126 368 1209 quod
384 1125 555 1194 hominem
571 1131 643 1194 tam
658 1125 725 1194 cito
741 1133 859 1193 enecet
874 1124 1086 1207 -quoniam
1101 1147 1181 1193 eum
1192 1147 1280 1194 mor·

279 1235 379 1296 tuum
396 1225 578 1294 concidisse
593 1224 771 1308 oportebat
786 1232 970 1307 antequam
996 1247 1039 1293 ex
1064 1224 1214 1294 conclavi
1236 1227 1279 1295 ad

278 1349 377 1410 opem
394 1325 618 1394 invocandam
633 1325 838 1394 excessisset.
872 1323 905 1393 si
921 1325 954 1393 id
970 1325 1105 1393 acidum
1130 1325 1280 1396 Borussi·

278 1449 357 1496 cum
371 1426 489 1506 fuerit,
505 1433 640 1508 oportet
655 1446 735 1495 eum
762 1424 796 1493 id
822 1424 1053 1507 deglutivisse.
1085 1425 1281 1495 Memineris

278 1528 369 1596 hunc
384 1527 418 1594 in
435 1526 499 1594 isto
515 1525 666 1594 conclavi
682 1525 774 1594 haud
790 1525 866 1607 plus
882 1525 1062 1607 quindenis
1076 1534 1138 1594 aut
1152 1526 1281 1595 vicenis

278 1627 419 1696 minutis
448 1625 610 1708 exegisse,
641 1633 676 1693 et
706 1625 750 1695 ab
776 1625 858 1694 bero
884 1625 1031 1694 Vantine
1053 1625 1120 1695 iam
1144 1626 1281 1709 penitus

278 1735 453 1796 mortuum
477 1747 549 1794 esse
573 1725 762 1794 inventum.
796 1725 958 1794 Homines
982 1748 1049 1794 non
1081 1734 1151 1795 tam
1180 1727 1281 1796 facile

279 1827 473 1895 moriuntur
491 1862 527 1868 --
544 1847 612 1893 non
628 1847 647 1892 e
663 1825 940 1906 scariphicatione
955 1829 1086 1895 mamis.
1118 1826 1208 1909 Quin
1223 1849 1281 1896 ne·

279 1947 452 2010 quaquam
469 1925 567 1994 facile
590 1925 793 1993 moriuntur.
828 1925 952 1994 Mirum
976 1926 1074 2007 plane
1099 1934 1151 1995 est
1176 1948 1281 2010 quam

278 2026 411 2095 difficile
427 2025 469 2093 sit
486 2024 657 2093 hominem
673 2046 794 2093 necare
813 2061 845 2068 —
865 2033 1075 2108 quantopere
1085 2026 1209 2109 anima,
1219 2037 1280 2097 aut

278 2125 443 2209 quidquid
470 2125 504 2193 id
531 2124 591 2193 tibi
616 2146 738 2193 vocare
766 2126 907 2205 placeat,
922 2125 1053 2207 corpori
1068 2125 1281 2209 inbaeresoat,

279 2227 417 2307 vitaque
434 2224 628 2306 perduret?

359 2324 527 2408 “Quinam
542 2324 820 2406 interpretaberis
835 2324 974 2393 titulum
986 2325 1019 2392 in
1034 2325 1176 2406 pagella,
1189 2325 1280 2396 Here

280 2425 530 2507 Goldbergcr?”
546 2445 663 2506 quaero
678 2423 722 2491 ab
736 2445 786 2491 eo.

351 2524 453 2593 “Mihi
463 2545 663 2606 persuasum
673 2523 825 2592 esthunc
836 2524 1003 2592 misellum
1013 2546 1090 2593 cum
1100 2524 1182 2593 hero
1192 2525 1282 2594 Van·

278 2626 349 2694 tine
361 2646 481 2692 revera
496 2623 631 2705 aliquod
648 2623 826 2705 negotium
842 2622 1010 2703 habuissc;
1022 2624 1167 2692 fortasse
1183 2646 1283 2707 pecu-

278 2725 368 2793 niam
385 2732 543 2792 mutuam
555 2723 690 2791 volebat
702 2731 827 2805 petere,
839 2730 900 2791 aut
910 2744 1008 2805 opem
1019 2723 1113 2793 abeo
1124 2724 1282 2807 impetra-

279 2847 324 2905 re,
347 2847 385 2893 ac
400 2824 482 2893 dum
498 2823 727 2905 exspectabat,
742 2845 813 2891 rem
830 2823 965 2891 missam
977 2823 1107 2904 fecisse,
1123 2832 1283 2893 mortem·

279 2947 345 3007 que
367 2924 576 2992 conscivisse.
600 2923 736 2991 Titulus
747 2923 801 2991 ille
813 2945 891 2991 cum
901 2923 1041 2992 suicidio
1050 2945 1188 3006 prorsus
1198 2925 1282 2995 nibil

278 3024 380 3094 habet
396 3045 585 3103 commune,
602 3033 641 3092 ut
656 3044 733 3091 mea
749 3023 817 3091 tert
832 3022 953 3105 opinio.
970 3023 1103 3092 Addam
1115 3033 1282 3105 praeterea

278 3126 304 3194 si
323 3125 384 3193 hoc
401 3146 467 3192 non
485 3123 663 3193 suicidium
678 3132 739 3203 est,
764 3144 881 3193 casum
905 3144 978 3192 esse
1001 3124 1148 3192 maxime
1172 3125 1283 3194 insoli-

279 3236 353 3295 tum
377 3224 528 3293 omnium
553 3224 609 3305 qui
636 3245 789 3305 unquam
815 3223 896 3291 mihi
925 3224 988 3292 sub
1015 3223 1129 3292 oculos
1154 3224 1283 3295 cecide·

280 3325 391 3395 runt.”

362 3422 445 3504 “Sic
463 3424 574 3505 sane,”
592 3425 742 3506 inquam.
766 3422 820 3493 “Si
846 3445 914 3492 non
931 3424 1109 3492 suicidium
1125 3433 1188 3505 est,
1206 3447 1283 3508 pro

279 3525 373 3593 tinus
388 3524 478 3592 inter
493 3546 613 3592 saxum
629 3532 664 3591 et
680 3545 773 3592 mare
789 3524 988 3593 haeremus.”

360 3624 524 3691 “Prorsus
540 3623 618 3704 ita,”
634 3631 723 3692 nutu
741 3624 892 3706 impense
915 3624 1101 3693 assentitur
1123 3625 1284 3695 Goldber·

278 3745 349 3805 ger.
373 3723 445 3792 “En
461 3745 613 3792 arceram
622 3722 651 3791 !’'
668 3723 855 3806 subiungit,
871 3731 910 3793 ut
922 3725 999 3793 nola
1014 3725 1197 3808 personuit.

363 3823 571 3905 Vespillones
593 3845 672 3892 cum
698 3824 826 3892 feretro
850 3824 990 3905 intrant,
1016 3824 1164 3894 cadaver
1177 3824 1283 3909 impo

278 3932 366 3991 nunt
397 3931 432 3991 et
461 3922 624 3991 evehunt.
661 3922 871 4004 Goldberger
895 3931 1031 3992 tantum
1054 3932 1209 3994 moratus
1229 3934 1283 3994 cst

278 4022 359 4090 dum
379 4045 432 4090 res
448 4022 604 4090 cadaveri
620 4023 790 4091 detractas
803 4023 948 4105 collegit.
