3150 5468
591 2497 742 2567 CAPUT
763 2496 857 2566 XVII

467 2685 584 2751 Herus
600 2683 766 2751 Armand
783 2684 980 2765 Corriperet.

311 2864 498 2934 mvnnsus
513 2862 547 2931 in
562 2861 730 2931 officinam
746 2863 853 2946 reperi
869 2863 990 2932 herum
1007 2863 1150 2932 Felicem
1166 2864 1228 2932 Ar·

227 2965 340 3046 mand,
356 2986 398 3033 ex
413 2963 580 3031 consortio
605 2963 756 3031 Armand
772 2971 807 3032 et
824 2964 891 3032 Fils
906 2963 1029 3032 ibidem
1053 2984 1229 3046 comparu-

227 3065 301 3146 isse,
317 3065 376 3134 sed
391 3085 500 3146 quum
515 3084 579 3144 ego
594 3063 676 3132 alias
690 3063 834 3145 egissem
849 3063 1014 3146 pagellam
1031 3085 1092 3146 pro
1107 3086 1162 3133 me
1178 3086 1228 3134 re

228 3164 364 3247 liquisse
379 3185 457 3232 cum
474 3163 594 3231 notitia
608 3163 772 3245 graphide
787 3163 920 3246 scripta,
936 3185 1005 3245 qua
1019 3185 1074 3232 me
1086 3163 1228 3234 dooebat

228 3286 264 3333 se
279 3265 400 3334 futuro
415 3263 469 3332 die
486 3263 593 3332 Lunae
608 3263 862 3331 antemeridiem
889 3264 1013 3332 iterum
1030 3272 1227 3334 venturum.

229 3364 325 3434 Alius
339 3386 476 3448 quoque
491 3363 657 3432 salutator
671 3363 867 3443 advenerat,
889 3364 946 3445 qui
973 3386 1028 3433 me
1052 3385 1228 3434 reversum

228 3464 466 3547 opperiebatur
483 3497 522 3507 —
538 3462 591 3531 vir
605 3462 743 3544 quidam
755 3484 915 3545 procerus
928 3471 963 3532 et
979 3463 1150 3545 robustus
1161 3464 1230 3533 lon·

227 3564 281 3647 gis
295 3563 511 3645 mystacibus,
533 3562 591 3644 qui
608 3584 643 3630 se
659 3561 739 3630 mihi
764 3562 886 3631 sistens
901 3563 992 3631 aibat
1007 3585 1044 3632 se
1059 3563 1229 3633 Simonem

229 3663 281 3732 W.
298 3663 438 3745 Murgan
455 3662 578 3741 vocari,
593 3661 803 3744 incolamque
818 3684 891 3730 esse
907 3662 1017 3745 Osage
1028 3663 1116 3745 city,
1129 3664 1228 3733 lowa

311 3762 511 3831 “Proximus
526 3761 642 3830 miselli
660 3760 803 3844 Philippi
831 3761 977 3830 Vantine
1002 3762 1104 3832 vivus
1127 3786 1231 3846 agna·

229 3871 297 3942 tus,
313 3862 403 3931 Here
418 3861 495 3941 mi,”
517 3883 553 3930 se
568 3860 690 3930 sistens
705 3860 810 3930 fatur.
841 3861 946 3930 “Veni
962 3862 1111 3944 primum
1126 3885 1229 3945 uuam

230 3961 415 4046 βψω),

314 4061 444 4130 “Probe
467 4084 506 4130 ac
531 4062 584 4144 oie
614 4059 795 4141 statuisti‚”
826 4060 927 4129 laudo
956 4060 1116 4143 pietatem
1147 4063 1230 4132 eius

230 4162 422 4231 “Funebria
437 4184 520 4242 cras,
537 4162 619 4230 hora
634 4160 764 4230 decima
779 4159 957 4242 matutina,
973 4161 1007 4230 in
1031 4162 1162 4232 aedibus
1176 4163 1232 4233 de-

232 4261 357 4331 mortui
374 4261 668 4330 celebrabuntur.''

314 4360 547 4444 “Accepistine
562 4383 676 4430 meum
693 4360 990 4444 lelegraphenia?”

314 4461 491 4544 “Accepi’'
506 4461 655 4543 inquam.

315 4561 491 4645 Paulisper
505 4561 540 4631 in
555 4560 637 4632 sella
650 4583 714 4632 sua
728 4561 821 4632 haud
844 4562 1018 4634 oommode
1042 4563 1231 4635 vacillabat
