3128 5016
269 831 279 844 ἢ
334 737 377 808 86
595 752 806 808 uvsrnnruu
827 753 935 808 Anca
957 747 1075 808 noum

334 921 460 1004 aliquid
473 923 595 1004 celans,
620 923 721 991 cuius
746 922 952 991 lineamenta
966 921 1092 992 horridi
1108 921 1190 1005 quid
1217 919 1336 989 suade-

336 1023 429 1091 bant.
445 1023 573 1091 Verum
593 1044 657 1105 ego
673 1044 728 1091 me
743 1023 916 1105 composui
944 1031 979 1091 et
1005 1023 1141 1091 intravi.
1164 1023 1208 1091 Et
1230 1020 1339 1090 Parks

335 1129 475 1193 secutus
489 1124 582 1191 fores
596 1123 727 1192 clausit.

419 1224 581 1293 Anticum
608 1223 802 1293 cubiculum
818 1223 903 1292 duas
917 1222 1067 1292 habebat
1082 1224 1262 1303 fenestras,
1278 1243 1335 1304 po

333 1326 458 1396 sticum
473 1331 600 1406 autem,
616 1346 721 1393 comu
738 1324 868 1405 domus,
880 1323 1029 1392 habebat
1045 1331 1124 1392 tres.
1148 1323 1289 1393 Cunctae
1302 1344 1334 1389 e·

334 1433 411 1495 rant
426 1425 607 1504 obseratae;
623 1431 861 1493 verumtamen
877 1423 1048 1493 tabellulae
1073 1424 1193 1492 vitrcae
1216 1422 1334 1491 absur-

334 1526 468 1595 dissime
499 1525 639 1607 fragiles
665 1524 777 1592 obices
805 1524 888 1592 mihi
914 1523 1121 1593 videbantur
1151 1523 1333 1592 adversum

333 1626 520 1710 quemlibet
536 1625 595 1708 qui
611 1646 731 1693 revera
747 1625 875 1693 intrare
892 1625 1005 1694 vellet

417 1727 532 1796 “Num
546 1726 628 1796 nulli
643 1725 746 1794 foruli
773 1725 875 1807 lignei
897 1724 940 1793 ad
966 1724 1132 1808 tegendas
1154 1724 1216 1793 has
1241 1725 1334 1792 tene·

332 1835 421 1897 stras
436 1848 582 1909 usquam
596 1825 776 1894 exstant?”
792 1847 918 1908 quaero.

417 1928 527 2010 “Quin
543 1933 697 2007 exstant;
713 1925 786 1994 heri
801 1933 938 1994 tantum
954 1925 1078 1994 sublati
1094 1926 1179 1995 etin
1195 1947 1333 2008 carpus·

331 2029 457 2098 culum¹
475 2026 638 2096 reconditi
654 2033 744 2094 sunt.
762 2026 863 2095 Visne
878 2048 936 2094 eos
952 2027 1099 2095 referam
1109 2026 1146 2095 ?”

416 2129 550 2198 “Satius
565 2127 680 2209 puto‚”
708 2127 874 2209 respondi.
898 2126 1054 2208 “Egesne
1070 2127 1171 2195 ullius
1185 2130 1288 2209 opera
1297 2127 1333 2193 ?”

416 2230 515 2297 “Non
527 2250 630 2309 egeo;
646 2226 738 2295 haud
754 2235 835 2295 sunt
850 2249 984 2309 graves.
999 2226 1032 2296 Si
1049 2227 1103 2295 hic
1120 2227 1334 2310 praestolabe·

333 2330 380 2398 ris
395 2331 477 2399 dum
493 2351 557 2410 ego
573 2327 657 2395 foris
672 2349 731 2395 eos
746 2327 948 2409 pependero,
965 2335 1004 2396 tu
1021 2327 1203 2397 intrinsece
1229 2349 1334 2396 uncos

332 2430 545 2511 instringesf’

416 2529 540 2598 “Recte
570 2528 723 2608 statuis,”
760 2528 901 2611 probavi
939 2528 1013 2598 eius
1045 2529 1267 2611 propositum,
1298 2538 1333 2598 et

332 2631 440 2700 Parks
454 2629 587 2712 prodiit.

416 2732 550 2798 Interea
565 2752 629 2811 ego
645 2729 811 2810 posticum
827 2729 1020 2798 cubiculum
1045 2729 1180 2811 intravi,
1203 2738 1238 2799 et
1252 2739 1332 2799 ante

331 2854 445 2900 arcam
473 2830 577 2898 Boule
603 2830 748 2898 constiti.
786 2830 868 2897 Mihi
895 2830 1032 2911 quidem
1056 2831 1128 2899 haec
1145 2832 1333 2913 petulantia

331 2931 478 3015 quadam
501 2953 536 2998 se
563 2938 735 2999 ostentare
761 2930 943 2998 videbatur
967 2938 1064 2999 tanto
1086 2931 1222 3012 fulgore
1238 2932 1334 3000 lumi·

330 3055 413 3101 num
431 3032 580 3113 pertusa,
596 3031 728 3111 singula
744 3031 894 3098 frustula
908 3031 1019 3112 operis
1034 3031 1235 3100 intestinarii
1261 3033 1333 3100 mil·

331 3134 362 3201 le
389 3132 491 3200 radiis
521 3131 689 3199 luminum
706 3130 932 3199 reverberatis
956 3152 1105 3200 corusca.
1134 3131 1269 3214 Species
1292 3154 1333 3200 ea

330 3241 404 3302 erat
419 3230 632 3311 iactabunda,
649 3230 776 3313 species
802 3252 901 3299 vanae
926 3231 1162 3313 ostentatricis,
1188 3233 1331 3301 aliorum

330 3331 575 3401 observationis
599 3330 731 3413 cupidae
758 3367 797 3374 -
824 3352 962 3413 prorsus
986 3338 1026 3400 ut
1052 3331 1134 3400 hera
1160 3332 1332 3414 quondam

330 3434 531 3516 Montespan
548 3432 661 3500 animo
675 3431 758 3512 tingi
775 3431 888 3513 possit,
905 3439 944 3499 ut
971 3430 1004 3499 in
1027 3431 1157 3501 ambitu
1184 3434 1333 3515 specula·

330 3534 379 3602 rio
404 3532 598 3602 Versalibus
623 3531 721 3600 solita
746 3532 790 3599 sit
806 3553 879 3599 sese
896 3533 1026 3600 iactans
1055 3532 1201 3600 vestium
1217 3555 1332 3601 susur-

329 3656 368 3702 ro
390 3634 562 3712 comitata,
589 3653 807 3714 corporeque,
833 3631 965 3700 conscia
980 3632 1180 3712 venustatis,
1206 3641 1333 3702 nutans

329 3734 518 3803 decursare.
541 3733 605 3802 Sed
622 3741 656 3800 et
672 3732 798 3814 aliquid
815 3732 939 3812 minax,
951 3733 1124 3802 sinistrum
1141 3755 1180 3801 ac
1196 3734 1332 3816 pestife

329 3856 406 3904 rum
423 3870 462 3878 -

431 4055 452 4105 l.
473 4050 687 4120 corpusculus,
704 4050 736 4113 -i,
758 4068 789 4104 ea
803 4068 864 4117 pars
878 4051 973 4105 domus
986 4068 1046 4118 quae
1058 4051 1107 4103 sub
1121 4058 1193 4104 terra
1207 4059 1257 4106 est.
