3128 5016
281 802 344 872 178
541 816 753 872 uvsrmmu
774 818 881 872 Anca
902 811 1020 872 boum

277 988 312 1056 in
327 1009 396 1069 qua
409 987 528 1055 eadem
552 994 750 1055 coacervata
771 994 853 1055 erat
877 986 1014 1055 uaeaem
1031 1009 1084 1056 res
1099 988 1132 1057 in
1149 1011 1279 1071 museo,

283 1088 317 1156 in
333 1086 578 1169 longitudinem
600 1087 769 1168 parietum
784 1086 890 1168 rigide
905 1086 1075 1169 dispositae
1089 1110 1128 1157 ac
1143 1090 1288 1172 digestae

286 1187 493 1268 tessellisque
522 1187 685 1267 discretae,
714 1208 882 1255 summam
912 1187 1077 1256 iacturam
1101 1188 1230 1259 decoris
1251 1200 1288 1260 et

285 1287 543 1370 pulchritudinis
558 1288 679 1356 laturae
700 1294 814 1366 erant;
837 1286 928 1355 unde
952 1288 1112 1368 cogitatio
1134 1290 1288 1360 animum

286 1387 368 1456 mihi
383 1386 510 1455 subivit
526 1394 655 1470 quanto
670 1386 889 1468 praestantius
904 1386 937 1455 id
952 1387 1114 1456 futurum
1130 1410 1191 1471 pro
1201 1391 1289 1461 urbe

285 1487 359 1556 Neo
385 1487 590 1567 Eboracena,
614 1487 641 1555 si
668 1487 789 1555 domus
811 1486 875 1554 ista
896 1494 1008 1567 vetus,
1030 1496 1222 1572 cunctaque
1253 1491 1287 1560 in

286 1588 360 1656 eius
382 1587 620 1670 penetralibus,
644 1595 735 1655 sarta
758 1593 848 1654 tecta
872 1586 1143 1670 intemerataque
1158 1610 1289 1660 normae

292 1688 398 1756 instar
413 1695 705 1767 conservarentur,
721 1695 761 1756 ut
775 1686 853 1755 inde
874 1686 984 1755 minor
1000 1687 1065 1756 ista
1079 1710 1292 1773 nervoseque

290 1810 455 1872 proruens
479 1787 654 1869 generatio
670 1787 857 1869 digniorem
881 1787 964 1855 vitae
985 1788 1134 1869 modum,
1149 1789 1293 1874 discipli-

288 1911 367 1958 nam
383 1888 662 1969 maiestatemque
679 1888 766 1956 illius
787 1887 964 1956 veterioris
985 1888 1049 1957 sub
1070 1889 1176 1958 oculis
1196 1891 1290 1961 vide-

289 1997 360 2069 ret;
382 2011 422 2057 eo
443 1988 575 2056 circiter
596 1987 696 2056 modo
718 2009 786 2069 quo
808 1994 955 2056 vetustae
970 2009 1009 2056 ac
1024 1997 1180 2058 venustae
1201 1991 1294 2061 aedes

289 2089 626 2158 Plantin-Moretanae
655 2087 854 2169 Antverpiae
883 2096 1144 2157 monumentum
1177 2111 1291 2173 repre·

288 2189 458 2258 hensionis
469 2196 520 2257 est
531 2188 713 2256 adversum
721 2195 915 2256 nostrorum
925 2195 1116 2270 temporum
1129 2188 1292 2273 librarios,

290 2291 350 2373 qui
365 2290 495 2358 litteras
510 2288 672 2357 mercium
695 2290 855 2356 mensura
879 2287 1050 2356 aestimant
1073 2288 1169 2358 iuxta
1195 2311 1292 2374 sapo

289 2413 368 2460 nem
385 2398 490 2471 atque
506 2410 653 2457 caseum.

372 2524 420 2604 ld,
431 2523 560 2605 utique,
575 2522 641 2590 iam
651 2521 789 2590 effectui
805 2521 877 2591 dari
893 2523 1032 2603 nequit;
1048 2522 1196 2606 impetus
1205 2545 1295 2594 mer-

291 2633 420 2694 caturae
430 2623 463 2691 in
473 2623 623 2690 Plateam
633 2622 787 2690 ultimam
797 2620 884 2689 hanc
892 2620 1050 2691 obiceme
1063 2622 1174 2691 medio
1188 2624 1296 2699 tollet:

291 2725 429 2794 unicum
440 2722 530 2792 istud
540 2721 639 2804 prisci
650 2744 763 2790 rerum
773 2720 898 2789 ordinis
907 2730 1167 2791 monumentum
1175 2722 1299 2793 delebi·

291 2833 366 2905 tur;
389 2824 479 2892 intra
494 2844 622 2890 annum
638 2829 699 2889 aut
714 2820 888 2889 biennium
904 2820 1060 2889 immanis
1071 2821 1245 2904 chalybeia
1259 2832 1295 2893 et

292 2925 423 3007 lapidea
438 2932 551 2992 strues
565 2923 636 2990 loco
652 2921 811 3003 potietur,
826 2920 884 2989 ubi
905 2928 975 2989 tres
991 2921 1138 2990 Vantine
1152 2944 1294 3004 genera·

292 3026 401 3095 tiones
427 3024 534 3091 vitam
560 3029 764 3103 exegerunt;
795 3021 969 3102 congeries
994 3029 1110 3090 autem
1125 3022 1209 3092 artis
1223 3023 1297 3092 the·

292 3146 471 3195 saurorum
487 3132 557 3191 tam
579 3122 742 3190 concinna
757 3130 792 3190 et
808 3142 886 3200 una,
902 3121 957 3190 cui
972 3121 1134 3203 cogendae
1156 3122 1297 3192 ultimus

295 3226 442 3295 Vantine
468 3223 575 3291 vitam
602 3221 822 3304 impenderat,
847 3221 1071 3303 immergatur
1096 3229 1203 3290 vastae
1218 3244 1297 3291 con·

292 3326 396 3410 geriei
426 3347 447 3393 a
476 3346 594 3393 museo
619 3344 772 3403 corrasae,
807 3322 920 3404 ibique
951 3331 1140 3391 evanescet.
1173 3322 1297 3392 Tristis

294 3434 385 3496 certe
400 3425 522 3495 exitus

378 3559 469 3639 “Vir‚
485 3558 584 3638 llere,
601 3565 635 3625 te
650 3556 832 3626 convenire
848 3555 974 3637 cupit,’'
1001 3554 1130 3623 affatur
1155 3576 1211 3623 me
1235 3555 1297 3624 mi·

294 3661 448 3730 nistellus
463 3658 507 3727 ad
523 3658 733 3740 scriptoriam
749 3657 991 3735 considentem,
1017 3677 1056 3723 ac
1081 3655 1195 3738 paullo
1219 3663 1297 3737 post

295 3761 399 3831 herus
414 3759 507 3829 Felix
523 3758 674 3828 Armand
691 3757 852 3826 inductus
867 3778 903 3825 se
919 3755 1015 3824 stitit.

377 3895 500 3966 Oculos
515 3892 615 3961 modo
631 3892 740 3960 habeo
766 3890 924 3961 claudere
951 3897 990 3958 ut
1017 3888 1202 3971 imaginem
1225 3896 1297 3957 tarn

294 3994 550 4066 extraordinarii
566 3993 630 4061 viri
646 3992 727 4060 mihi
744 4000 995 4074 repraesentem,
1012 4010 1090 4058 nam
1120 3988 1212 4057 Felix
1236 3988 1299 4058 Ar.

287 4096 389 4170 mand
405 4096 458 4165 vir
473 4102 547 4167 erat
572 4093 718 4164 maxime
745 4092 900 4172 eximius,
926 4113 1030 4177 quem
1062 4110 1218 4175 unquam
1240 4110 1296 4163 me
