3128 5016
296 729 339 798 60
559 747 766 801 uvsrnnruu
788 748 896 803 anem
917 745 1035 805 nomn

296 917 393 996 nivit,
409 936 474 998 ego
489 914 613 984 ostium
627 916 757 999 aperui,
773 917 911 1001 vidique
937 918 1116 989 mulierem
1140 919 1176 989 in
1201 921 1298 992 fasti·

297 1019 353 1103 gio
367 1016 496 1100 gradus
511 1017 690 1085 stantem.”

379 1135 509 1217 Rogers
523 1133 702 1216 paululum
731 1134 905 1218 conticuit,
920 1158 960 1206 ac
974 1137 1077 1206 semel
1102 1137 1296 1223 iterumque

294 1234 444 1322 glutivit,
460 1233 528 1303 acsi
542 1233 628 1301 faux
643 1232 688 1302 illi
704 1233 798 1304 arida
813 1243 912 1318 esset,
931 1236 1069 1321 vidique
1084 1237 1208 1321 digitos
1222 1239 1297 1310 eius

294 1357 437 1407 nervose
451 1332 602 1403 convelli.

376 1432 575 1504 “Novistine
591 1454 666 1502 eam
676 1433 713 1502 ?”
727 1434 851 1517 quaerit
866 1435 991 1520 Grady.

375 1553 506 1634 Rogers
519 1550 641 1619 collare
656 1571 757 1620 suum
782 1551 969 1623 vellicando
992 1554 1123 1624 solvere
1149 1576 1294 1626 nervose

291 1651 479 1735 satagebat.

375 1751 474 1821 “Non
488 1771 563 1833 ego,
579 1749 626 1818 mi
641 1749 741 1832 Here,
763 1772 939 1834 nunquam
962 1774 1039 1822 eam
1063 1759 1166 1824 antea
1189 1754 1292 1837 vidi,''

290 1874 392 1924 rauce
408 1849 590 1934 respondit

373 1951 552 2022 “Describe
567 1950 612 2020 sis
625 1951 732 2020 eam.'’

372 2053 502 2135 Rogers
516 2049 637 2120 clausit
652 2051 766 2120 oculos
780 2051 848 2121 acsi
872 2052 1069 2122 memoriam
1095 2054 1291 2138 recolligere

289 2154 402 2224 vellet.

370 2270 468 2353 “Ipsa
482 2267 624 2352 spissam
639 2266 754 2338 ricam¹
770 2268 922 2352 gerebat,
937 2269 984 2339 mi
1000 2269 1100 2354 Here,
1127 2271 1203 2342 ideo
1226 2295 1288 2345 nec

285 2371 368 2441 satis
393 2376 550 2441 accurate
574 2389 649 2438 eam
675 2367 762 2449 vidi;
792 2368 940 2452 primum
966 2377 1081 2440 tamen
1097 2371 1189 2455 quod
1204 2373 1288 2444 mihi

284 2471 473 2555 prasertim
487 2468 646 2550 innotuit,
672 2468 760 2538 oculi
783 2476 881 2539 erant
908 2515 945 2527 -
973 2470 1058 2540 ethi
1073 2471 1203 2556 ardere,
1218 2494 1289 2545 me

284 2593 350 2655 que
374 2572 474 2654 plane
499 2576 678 2652 penetrare
707 2568 883 2651 parebant.
915 2569 1032 2641 Facies
1056 2593 1143 2655 pone
1169 2573 1287 2644 velum

282 2670 492 2752 candicabat,
518 2668 669 2752 satisque
692 2668 762 2738 vidi
790 2669 878 2739 labia
904 2669 1027 2740 rubere
1052 2705 1094 2716 —
1109 2680 1285 2756 aspectum

283 2771 367 2853 eius,
383 2771 429 2840 mi
444 2770 545 2851 Here,
560 2768 639 2838 inde
654 2768 698 2838 ab
713 2768 809 2838 initio
824 2769 1061 2852 aspernatur

369 2887 457 2971 “Qui
472 2895 546 2957 erat
562 2886 683 2955 induta
696 2886 733 2956 ?”

365 2987 471 3057 “Atra
487 2986 583 3067 stola,
598 2993 670 3055 tam
686 3007 808 3068 parum
824 2986 1007 3070 quadratu
1022 2995 1063 3057 ut
1078 2987 1165 3059 illico
1179 2989 1285 3059 anim·

280 3087 495 3158 adverterem
510 3094 695 3170 antequam
712 3087 825 3156 locuta
839 3095 928 3156 esset
944 3087 1110 3158 Francam
1135 3110 1212 3159 eam
1233 3112 1284 3160 es·

281 3188 348 3256 sel!

364 3304 446 3386 “Α,”
482 3304 626 3373 miratus
655 3303 703 3372 ait
733 3303 857 3386 Grady,
887 3302 981 3387 “ipsa
1009 3303 1116 3388 igitur
1150 3305 1282 3377 Franoe

363 3421 393 3469 μ,

277 3429 445 3603 erat2‘lta,
461 3543 561 3603 sane;
583 3529 699 3591 tamen
715 3521 894 3604 paululum
910 3521 1014 3591 etiam
1030 3522 1170 3605 Anglice
1184 3525 1281 3594 calle·

378 3792 401 3843 1.
415 3789 463 3842 Est
476 3805 564 3854 genus
576 3787 643 3851 veli,
659 3805 713 3856 quo
725 3789 854 3841 mulieres
867 3789 973 3841 vultum
986 3794 1094 3854 tegunt.

377 3875 402 3926 2.
417 3870 583 3937 Qttodrore,
601 3873 715 3939 proprie,
729 3879 771 3926 eet
783 3872 890 3925 efficere
901 3879 932 3924 ut
944 3872 1048 3938 aliquid
1060 3879 1177 3939 quatuor
1193 3888 1279 3940 angu-

276 3956 317 4009 los
330 3956 446 4017 habeam
463 3957 579 4009 ulterius
591 3957 692 4011 dicitur
704 3957 738 4009 de
749 3972 910 4022 quacunque
923 3971 960 4016 re,
983 3957 1133 4021 presentia
1145 3957 1179 4010 de
1192 3965 1278 4018 veste,

275 4055 337 4106 que
351 4056 401 4092 nec
415 4041 523 4104 largior,
537 4056 587 4093 nec
600 4040 701 4093 arctior
714 4046 756 4093 est
768 4055 850 4105 quam
863 4055 922 4092 esse
933 4039 1073 4093 convenit.
