3150 5468
293 1185 356 1254 246
554 1206 765 1260 ursmarum
787 1208 895 1262 anon
917 1202 1035 1264 sousa

294 1371 355 1440 bas
370 1373 500 1440 litteras
514 1373 585 1455 ipse
600 1375 791 1457 scripserit?
813 1377 852 1445 In
875 1377 947 1459 ipsa
968 1376 1052 1446 adeo
1074 1376 1207 1447 officina
1228 1379 1296 1446 ne-

294 1475 384 1541 cord.
406 1473 532 1542 Charta
547 1474 611 1542 ista
637 1484 688 1544 est
710 1498 729 1544 e
755 1477 977 1546 merulatura¹
1003 1485 1128 1546 nostra.
1151 1477 1227 1560 lpse
1248 1477 1297 1547 ibi

293 1573 452 1654 consedit,
469 1574 511 1641 ab
527 1575 598 1656 ipso
614 1597 689 1643 meo
704 1598 796 1657 naso,
812 1584 853 1646 ut
868 1577 916 1646 ita
931 1577 1049 1658 dicam,
1061 1577 1153 1647 haud
1168 1578 1297 1660 procul,

294 1673 424 1740 litteras
439 1673 500 1740 has
516 1675 699 1756 exscripsit,
723 1677 758 1744 in
784 1677 941 1758 pyxidem
963 1677 1076 1746 iniecit
1099 1699 1220 1759 meam,
1245 1677 1298 1746 fo-

293 1795 415 1855 rasque
430 1773 626 1842 ambulavit.
649 1776 693 1843 Et
717 1785 840 1846 cuncta
866 1777 938 1846 haec
954 1778 1134 1860 aliquando
1148 1778 1215 1847 ista
1237 1799 1296 1846 ve·

292 1896 389 1955 spera
413 1874 505 1954 fecit,
521 1875 653 1943 officina
669 1883 784 1944 nostra
799 1877 974 1947 hominum
991 1878 1093 1948 turba
1106 1879 1292 1948 scatente.”

376 1990 525 2059 “Verum
542 1992 567 2060 si
585 2014 704 2061 revera
720 1994 823 2062 sentit
838 1994 929 2075 quod
956 1995 1080 2076 scribit,
1104 1994 1294 2065 absurdum

291 2099 343 2158 est
359 2091 504 2172 idpenus
519 2092 649 2161 litteras
665 2093 818 2163 scribere.
841 2095 895 2164 Tu
912 2094 1012 2163 modo
1027 2095 1198 2165 decuriam
1215 2095 1295 2165 edo·

291 2214 367 2259 ceas
384 2245 391 2258 .
409 2246 416 2258 .
435 2193 463 2258 .'’

375 2309 638 2378 “Animadverte
647 2311 746 2379 modo
755 2333 834 2379 eum
843 2311 924 2379 mihi
936 2312 970 2379 in
982 2311 1105 2382 fiducia
1113 2312 1293 2383 scribere.”

376 2409 448 2477 “Tu
466 2432 547 2477 vero
563 2411 663 2478 fidem
680 2433 762 2492 erga
776 2433 854 2479 eum
872 2411 1023 2480 servabis
1031 2412 1067 2480 ?’'

375 2510 553 2589 “Servabo,
579 2511 750 2591 profecto;
781 2511 863 2592 quin
890 2533 969 2580 eum
995 2512 1077 2580 mihi
1104 2513 1293 2582 maximum

292 2610 452 2677 honorem
470 2610 626 2678 tribuisse
642 2611 806 2679 existimo.
822 2613 893 2680 Nec
910 2612 970 2679 ulli
991 2612 1053 2680 has
1075 2613 1205 2682 litteras
1227 2613 1292 2682 nisi

291 2711 351 2777 tibi
367 2710 513 2788 exhibui,
530 2711 583 2776 vel
599 2733 660 2791 per
675 2710 863 2778 fiduciam.’'

374 2811 531 2877 “Nullam
548 2811 709 2879 eiusmodi
725 2811 882 2879 fiduciam
898 2811 1166 2894 lurisprudentia
1187 2834 1292 2895 agno-

289 2912 381 2991 scit‚’'
398 2912 496 2978 docui
512 2933 600 2978 eum.
618 2909 755 2978 “Fidem
772 2911 917 2991 idgenus
931 2934 1067 2980 servare
1083 2912 1222 2994 perinde
1238 2922 1291 2982 est

288 3035 326 3081 ac
342 3012 503 3080 maleficio
518 3011 754 3093 patrocinari.”

369 3112 433 3180 “Et
450 3121 487 3179 tu
504 3133 579 3178 eam
594 3119 709 3179 tamen
726 3111 907 3191 servabis‚”
930 3112 1026 3180 fatur
1042 3111 1193 3195 Godfrey
1211 3135 1290 3183 sua·

288 3215 384 3281 viter.
403 3213 516 3280 “Tene
531 3212 640 3291 modo,
657 3233 731 3292 ego,
756 3233 816 3293 pro
843 3211 972 3279 viribus
997 3211 1106 3280 enitar
1132 3213 1290 3283 omnibus

288 3322 328 3381 ut
355 3313 520 3391 llapitium
547 3311 628 3377 illud
660 3310 874 3392 praepediam.
906 3311 975 3379 Iam
1008 3319 1043 3380 et
1072 3312 1290 3393 experiemur

287 3424 406 3483 utrum
424 3411 593 3480 Crochard
609 3433 688 3478 vere
705 3410 905 3479 invincibilis
921 3411 994 3480 sit.”

371 3513 464 3590 “Erro
488 3532 623 3591 quoque
648 3510 820 3589 servabo,”
849 3510 1089 3592 adstipulabar,
1116 3510 1288 3594 “quando

290 3614 425 3695 quidem
451 3613 533 3678 istas
556 3610 686 3678 litteras
709 3610 790 3678 nihil
812 3610 875 3677 nisi
899 3610 1004 3678 verba
1028 3610 1109 3679 dare
1123 3611 1288 3683 existimo.

287 3716 410 3794 Atque,
427 3711 621 3793 preterea?
639 3710 806 3791 subiunxi,
824 3709 945 3779 “etiam
967 3710 1075 3778 habeo
1098 3711 1228 3781 litteras
1242 3714 1287 3782 ab

287 3808 440 3881 rinnand
461 3819 495 3878 ot
520 3811 588 3877 Fils
613 3811 743 3878 lactum
767 3810 1006 3878 confirmantes
1030 3809 1097 3879 fide
1122 3811 1285 3882 librorum

286 3935 424 3982 suorum
441 3919 595 3979 constare
611 3932 723 3977 arcam
741 3911 845 3978 Boule
861 3910 1014 3992 Philippo
1034 3911 1181 3980 Vantine
1205 3935 1286 3983 ven·

286 4015 391 4081 ditam
407 4013 521 4079 luisse.
539 4011 683 4089 Quando
699 4011 745 4077 sic
760 4032 863 4078 resse
878 4009 1014 4091 habent,
1026 4033 1101 4080 earn
1115 4011 1197 4080 mihi
1212 4013 1286 4082 vin·

285 4115 411 4192 dicabo,
429 4113 613 4193 lluseoque
630 4110 794 4178 tradam.”

386 4333 407 4381 1.
427 4328 626 4379 Maroialum.
643 4346 686 4390 -a',
704 4335 816 4379 vocatur
840 4328 942 4387 charta,
964 4329 992 4379 in
1015 4344 1068 4395 qua
1088 4329 1226 4391 exercitia,
1238 4331 1283 4384 vel

282 4415 350 4465 alias
363 4414 580 4476 compositiones,
595 4430 664 4477 saepe
685 4429 746 4463 curn
759 4413 853 4463 multis
867 4410 991 4463 praculis
1005 4418 1032 4465 et
1046 4413 1284 4468 emendationibus

282 4499 476 4563 scriptitamus.

1243 5204 1500 5389 ‘x
