3128 5016
456 831 631 887 donamus
654 830 796 896 oumnu
822 829 1037 887 smurnron
1185 810 1249 884 137

244 1002 321 1085 plus
344 1000 418 1070 haec
442 1000 552 1070 recolo
578 1021 619 1069 eo
642 998 753 1082 magis
776 997 859 1068 mihi
884 1019 1086 1082 persuasum
1100 1002 1153 1067 est
1166 1016 1248 1066 eum

245 1101 358 1171 omnia
381 1101 416 1170 in
439 1108 653 1170 antecessum
676 1099 873 1168 minutatim
899 1098 1144 1182 excogitavisse
1166 1095 1249 1180 quid

244 1201 328 1271 mihi
343 1201 499 1272 dicturus
513 1207 612 1270 esset.
635 1199 838 1282 Quicunque
864 1199 1074 1283 propositum
1096 1198 1130 1267 in
1154 1203 1249 1266 ante·

245 1323 378 1371 cessum
394 1301 606 1370 elaboratum
621 1306 738 1368 mente
754 1320 883 1381 serena,
899 1299 966 1369 acsi
980 1298 1064 1368 nihil
1079 1317 1249 1382 praepara-

245 1410 321 1471 tum
336 1409 436 1484 esset,
452 1400 566 1470 annno
581 1400 711 1483 placido
734 1398 873 1482 exsequi
896 1398 999 1482 valet,
1022 1398 1092 1469 suis
1118 1396 1250 1467 aemulis

247 1501 435 1571 necessario
450 1501 550 1582 longe
565 1499 745 1569 antecellit.

329 1600 398 1670 “Mi
414 1600 504 1670 Here
520 1600 670 1681 Lester,”
695 1600 792 1669 fatur
814 1599 879 1682 ille,
907 1597 970 1668 “ex
996 1598 1118 1668 auditu
1144 1605 1246 1667 teneo

245 1709 279 1771 te
295 1702 462 1771 bonorum
477 1700 622 1783 Philippi
637 1699 785 1769 Vantine
806 1699 1116 1769 administratorem
1141 1698 1246 1768 esse.”

329 1817 517 1887 “Nostrum
532 1817 740 1886 consortium
754 1817 838 1899 est‚”
854 1816 984 1886 correxi
999 1838 1090 1886 eum.

329 1917 415 1988 “Sed
431 1924 481 1999 tu,
497 1917 532 1986 in
548 1939 701 2000 persona,
717 1917 863 2000 negotiis
877 1917 950 1987 eius
964 1915 1139 1987 attendisti
1147 1915 1184 1985 ?''

329 2017 440 2087 “Vera
454 2018 653 2086 memoras.''

328 2117 436 2201 “lpse,
452 2117 486 2186 ni
501 2117 611 2199 fallor,
627 2125 793 2188 veteratae
807 2117 1027 2201 supellectilis
1052 2117 1183 2187 exstitit
1197 2138 1250 2188 oo·

245 2219 370 2289 actor.”

333 2317 408 2387 “Ita
422 2318 523 2388 fuit.”

330 2434 612 2518 “Novissimoque
627 2458 690 2505 suo
705 2436 740 2504 in
755 2436 892 2518 Europa
915 2435 1047 2517 itinere,
1071 2434 1162 2507 unde
1185 2456 1248 2506 nu·

245 2558 305 2619 per
320 2534 492 2605 rediverat
506 2536 549 2605 ab
564 2535 716 2605 Annand
732 2544 768 2604 et
783 2535 860 2617 uus,
875 2535 1020 2618 Parisiis,
1031 2557 1146 2606 arcam
1161 2535 1249 2606 Bou·

248 2636 279 2706 le
295 2636 537 2719 practinavitss’

331 2737 509 2820 Quendam
533 2758 671 2806 sensum
693 2737 844 2820 stuporis
866 2737 1051 2820 reprimere
1077 2736 1170 2807 haud
1191 2758 1250 2821 po·

250 2845 369 2907 teram.

330 2953 479 3023 “Remne
495 2954 569 3035 agis
583 2954 735 3024 Armand
752 2963 787 3024 et
803 2955 915 3025 Fusa·
932 2955 1087 3038 quaerito.

330 3053 499 3123 “Minime.
516 3055 601 3124 Rem
616 3055 793 3125 cuiusdam
808 3063 975 3125 matronae
983 3077 1060 3140 ago,
1071 3076 1175 3139 quam
1186 3077 1249 3141 pro

250 3177 286 3224 re
301 3163 384 3224 nata
405 3155 596 3224 Matronam
612 3155 643 3223 X
657 3155 933 3238 appellabunus.”

330 3271 500 3354 Cogitatio
515 3272 666 3341 animum
683 3271 765 3341 mihi
782 3272 885 3342 subiit
912 3273 1103 3343 Matronam
1119 3273 1161 3357 X,
1176 3295 1249 3358 my·

248 3371 492 3455 steriosamque
528 3371 707 3441 mulierem
737 3372 935 3443 Francicam
965 3394 1071 3443 unam
1101 3375 1249 3445 fortasse

251 3472 475 3555 eamdemque
500 3493 583 3541 esse.
608 3472 693 3541 Dein
705 3479 746 3542 ut
771 3472 933 3542 absonam
957 3475 1080 3558 respui.
1102 3473 1249 3546 Serenus

251 3572 474 3642 Homblower
488 3573 644 3642 clientem
660 3573 805 3656 idgenus
819 3595 887 3643 non
903 3574 1080 3658 acciperet

331 3689 465 3759 “Herus
487 3689 635 3759 Vantine
660 3711 774 3760 arcam
798 3691 964 3761 eiusmodi
988 3713 1109 3762 revera
1134 3692 1248 3777 emit,”

247 3789 414 3872 respondi.

331 3889 456 3959 “Estne
471 3912 512 3960 ea
527 3890 561 3959 in
577 3898 638 3960 tua
654 3891 862 3975 possessione
868 3891 906 3962 ?”

333 4006 416 4077 “Est
439 4007 474 4076 in
498 4008 569 4077 suis
583 4008 714 4078 aedibus
739 4008 898 4092 quaedarn
913 4030 992 4079 arca
1006 4009 1113 4080 Boule
1128 4009 1249 4081 Parisi-

245 4107 274 4177 is
288 4107 466 4190 submissa,
482 4107 541 4177 sed
557 4108 674 4191 paucis
688 4116 768 4179 ante
784 4130 887 4179 suum
902 4109 1079 4180 decessum
1089 4109 1181 4180 horis
1191 4131 1247 4182 me
