3128 5016
276 744 339 813 314
536 758 745 813 ursramuu
768 758 876 813 anca
897 751 1019 811 nouas

361 924 528 995 “Innuere
543 926 650 1008 volo,’'
663 927 771 995 refert
783 925 944 1009 Godfrey,
956 923 1032 995 “me
1043 932 1148 1007 atque
1158 922 1284 993 herum

278 1025 456 1096 Shearrow
472 1026 535 1095 hoc
550 1048 651 1096 mane
667 1027 870 1109 praefectum
885 1026 981 1096 urbis
1001 1024 1157 1106 adivisse,
1181 1022 1283 1107 eique

279 1126 437 1208 quaedam
452 1126 486 1195 in
502 1134 619 1195 nostra
634 1134 802 1209 potestate
822 1125 1016 1195 testimonia
1030 1123 1226 1194 submisisse
1241 1158 1285 1169 -

278 1225 370 1294 hunc
386 1248 501 1294 casum
517 1226 607 1295 inter
622 1226 752 1308 reliqua
777 1262 819 1271 —
844 1234 1010 1309 tuamque
1035 1224 1285 1295 abdicationem

279 1325 342 1394 hoc
356 1325 496 1395 meridie
512 1334 686 1408 acceptam
701 1326 843 1395 fuisse.”

361 1442 503 1512 “Meane
518 1443 685 1513 abdicatio
694 1443 732 1512 ?’'
753 1443 917 1513 hirriebat
932 1442 1056 1526 Grady.
1071 1440 1284 1525 “Nunquam

279 1565 354 1613 eam
370 1543 529 1626 exscripsi
540 1544 569 1613 !''

362 1660 522 1741 “Licebit,
538 1660 566 1730 si
581 1660 675 1742 velis,
690 1660 754 1729 hoc
769 1660 804 1729 in
820 1661 967 1744 vulgum
992 1659 1208 1744 praedicare,”
1223 1657 1287 1728 iri·

279 1760 357 1843 gide
373 1760 515 1842 regessit
531 1760 692 1842 Godirey.
716 1759 776 1829 “ld
790 1768 892 1830 tuum
907 1760 972 1830 erit
996 1759 1123 1829 videre.
1145 1758 1195 1831 Ut
1214 1758 1285 1829 iam

278 1860 395 1930 monui
410 1869 455 1942 te,
471 1882 531 1943 per
547 1860 767 1942 telephonum
783 1860 931 1930 debebas
943 1859 1052 1930 officio
1073 1866 1135 1929 tuo
1159 1880 1287 1929 renun-

278 1961 374 2030 tiare.
391 1961 492 2029 Nunc
508 1960 656 2041 demum,
672 1959 894 2030 Simmonds''

362 2077 477 2159 Grady
493 2077 665 2159 paulisper
679 2076 828 2146 furentis
842 2077 934 2146 tauri
960 2077 1068 2147 instar
1089 2076 1207 2147 ocellos
1219 2076 1284 2147 cir·

279 2177 492 2247 cumferebat
507 2178 590 2246 dum
606 2199 671 2259 ego
685 2199 765 2247 eum
780 2177 854 2246 iere
880 2178 916 2245 in
943 2177 1094 2260 Godirey
1108 2198 1145 2247 se
1168 2176 1286 2261 praeci·

279 2278 469 2360 pitaturum
485 2276 741 2359 exspectabam
763 2284 916 2346 attamen
942 2277 1014 2347 loco
1028 2276 1142 2358 huius,
1156 2277 1285 2360 pileum

279 2378 381 2459 capiti
398 2399 459 2445 suo
475 2377 626 2460 impegit,
641 2399 841 2459 progressus
854 2377 897 2446 ad
911 2377 1061 2459 ianuam,
1071 2398 1148 2447 eam
1158 2376 1286 2447 violen-

280 2486 333 2547 ter
349 2477 477 2560 pandit,
493 2499 528 2545 se
544 2477 710 2560 proripuit
726 2499 871 2560 eamque
886 2499 974 2561 pone
989 2499 1025 2547 se
1040 2477 1184 2561 impulit.

364 2593 487 2662 “Nunc
503 2595 651 2675 demum,
667 2592 889 2675 Simmonds,”
911 2593 1036 2677 repetit
1058 2593 1211 2677 Godfrey
1234 2616 1287 2665 so·

280 2695 356 2764 nitu
372 2701 537 2774 emortuo,
553 2714 661 2776 quum
677 2693 869 2763 Simmonds
893 2694 929 2763 in
954 2694 1104 2764 medium
1129 2715 1287 2778 progres-

281 2817 340 2864 sus
355 2794 562 2876 subscripsit.
585 2794 659 2875 Ego
681 2794 779 2863 testis
802 2794 855 2864 fui
880 2794 1147 2877 subsignationis
1170 2795 1286 2877 factae,

281 2917 389 2978 quum
416 2894 578 2976 Godfrey,
605 2894 714 2963 multo
737 2894 841 2963 etiam
867 2915 972 2977 quam
992 2902 1095 2964 antea
1109 2916 1146 2965 se
1159 2894 1286 2965 avidio-

281 3018 353 3064 rem
379 2994 544 3077 praebens,
571 2994 724 3063 chartam
739 2994 929 3077 prehendit,
955 3015 1064 3078 eaque
1084 2994 1129 3065 ad
1144 2994 1284 3065 ianuam

281 3095 442 3165 cucurrit.

365 3210 452 3279 “Fac
469 3210 568 3279 istam
584 3232 656 3279 rem
671 3211 844 3281 celerrime
859 3232 964 3294 quam
978 3211 1106 3295 poteris
1125 3210 1161 3281 in
1183 3210 1286 3282 offici·

282 3334 361 3380 nam
388 3310 553 3391 deferas,''
579 3310 660 3379 dicit
685 3311 820 3380 cuidam
845 3316 926 3380 ante
954 3310 1093 3381 ianuam
1120 3310 1280 3383 adstanti.

282 3412 436 3481 “Cretera
454 3432 514 3492 per
529 3409 748 3492 telephonum
764 3410 899 3480 docebo.
912 3410 1040 3492 Istud,”
1055 3410 1167 3495 inquit
1181 3410 1285 3481 ianua

282 3512 396 3581 clausi
411 3511 454 3579 ad
470 3532 532 3578 nos
547 3532 714 3591 reversus,
739 3510 875 3580 “meum
889 3520 941 3581 est
956 3510 1136 3594 praemium
1155 3512 1285 3583 -sive

279 3612 393 3695 potius
409 3611 586 3692 praemium
603 3612 737 3680 Record
753 3647 792 3655 -
804 3611 847 3680 ob
867 3632 987 3681 omnes
1002 3611 1065 3681 has
1087 3632 1143 3682 res
1155 3620 1282 3696 gestas

283 3714 397 3794 Atque
414 3733 515 3791 nunc,
531 3711 640 3791 anrici,
656 3711 736 3793 diga
751 3712 824 3780 heri
850 3710 1029 3781 Shearrow
1053 3720 1135 3781 ante
1158 3712 1285 3783 ostium

200 3802 205 3813 ’
282 3813 509 3896 praestolatur,
525 3819 559 3879 et
575 3833 640 3893 ego
655 3812 762 3881 satius
777 3812 932 3881 existimo
955 3820 995 3883 ut
1020 3812 1109 3881 hanc
1133 3812 1285 3896 produn

283 3914 316 3981 in
333 3913 481 3994 aliquam
498 3920 609 3979 tutam
624 3933 737 3980 arcam
752 3912 992 3994 depositariam
1007 3911 1248 3983 devehamus”

367 4028 506 4098 Circiter
530 4029 635 4096 denos
661 4037 737 4111 post
755 4029 826 4098 dics
841 4028 992 4113 Godirey
1006 4028 1154 4112 quadam
1169 4050 1287 4115 vespe·
