3128 5016
281 748 324 818 78
544 762 752 816 rrvsrnmurr
773 761 882 815 anem
905 755 1024 815 sousa

280 931 370 1015 rem
388 930 504 1010 ParlrS,
520 952 582 998 nos
596 930 711 1012 itaque
735 936 804 997 tres
827 927 1001 997 hominem
1022 928 1229 998 inconscium
1245 951 1286 999 eo

280 1031 473 1103 detulimus,

365 1132 454 1199 'lum
464 1153 529 1212 ego
540 1138 574 1199 et
587 1129 737 1210 Godfrey
749 1128 963 1199 considentes
973 1130 1193 1212 vigilavimus
1203 1129 1287 1199 dum

282 1230 325 1300 ud
342 1231 448 1299 vitum
465 1230 638 1299 halitando
652 1228 877 1297 eluctabatur.

367 1330 521 1399 “Revera
536 1331 608 1411 ipse
625 1329 720 1397 nobis
736 1327 828 1396 haud
843 1331 992 1399 multum
1012 1330 1137 1413 poterit
1152 1330 1288 1413 prodes

282 1431 349 1507 se.”
366 1431 507 1513 putulut
525 1430 685 1511 Godirey.
708 1429 829 1516 “Quin
845 1430 1009 1511 profecto,
1025 1430 1145 1499 dubito
1160 1431 1235 1498 fore
1247 1437 1288 1499 ut

282 1530 380 1599 nobis
405 1531 592 1612 orriolouam
618 1530 769 1598 revelare
795 1530 901 1611 possit
924 1539 985 1599 aut
1000 1531 1093 1599 velit
1115 1530 1287 1599 Caeterum

285 1631 405 1701 vultus
419 1631 493 1699 eius
511 1652 618 1712 quum
633 1629 779 1710 effigiem
795 1630 943 1711 primum
959 1631 1101 1713 aspexit,
1117 1639 1287 1712 quantum

284 1752 347 1799 nos
363 1731 447 1799 seire
463 1730 614 1809 involat,
630 1730 712 1798 satis
727 1729 906 1811 prodidit.”

367 1832 420 1900 Sic
436 1831 728 1901 commonefactus
743 1829 890 1911 effigiem
907 1853 926 1900 e
941 1831 1083 1913 sacculo,
1100 1852 1168 1914 quo
1179 1830 1288 1898 immi·

282 1952 405 2007 sertim,
422 1931 614 2013 exprompsi
629 1931 822 2012 iterumque
837 1932 963 2014 aspexi.

367 2031 567 2100 ‘'Undenam
583 2030 615 2098 id
630 2030 870 2111 comparavisti
879 2031 916 2099 ?”
931 2033 975 2101 ab
989 2055 1030 2101 eo
1044 2054 1171 2115 quaero.

367 2131 653 2212 '‘l‘hotopmphus
667 2130 817 2199 lictorius
831 2132 930 2213 plura
945 2133 1019 2202 eius
1032 2133 1114 2202 fecit
1123 2132 1287 2215 exempla

286 2232 381 2313 {stud
401 2253 509 2301 unum
525 2252 643 2299 eorum
657 2231 741 2298 est.''

367 2332 452 2401 “Sed
471 2331 561 2401 unde
570 2330 762 2412 suspicatus
776 2352 814 2400 es
828 2331 915 2402 duas
929 2332 992 2403 has
1005 2333 1165 2402 mulieres
1179 2353 1286 2402 unam

283 2432 494 2515 eumlernque
508 2454 581 2501 esse
591 2431 627 2499 ?''

368 2532 451 2600 “l'ix
468 2532 568 2607 seio‚”
577 2530 747 2613 respondit
763 2532 1037 2604 meditabundus
1049 2533 1225 2616 “Utraque
1236 2541 1289 2603 est

291 2632 418 2703 trinea
493 2633 621 2713 liopers
635 2632 845 2702 memorabat
861 2634 950 2703 labia
964 2634 1083 2715 rubra;
1098 2633 1288 2703 verosimile

287 2732 540 2817 rrtrruiunrmodo
562 2732 753 2801 videbatur.
776 2731 889 2803 Herus
913 2735 1028 2818 Grady
1041 2757 1117 2805 cras
1130 2734 1288 2818 quaedam

284 2834 317 2903 iu
338 2835 468 2905 llemm
484 2833 627 2917 reperiet
644 2855 722 2915 qnae
735 2834 806 2916 ipse
821 2834 966 2916 ignorat.
984 2835 1112 2905 Verum
1127 2834 1161 2904 id
1177 2835 1224 2904 illi
1239 2835 1289 2903 fe·

284 2936 531 3016 remunerere
547 2934 640 3001 solet.
658 2932 694 3001 ld
710 2942 826 3003 tamen
841 2936 942 3004 modo
957 2936 1016 3005 fiet
1031 2958 1109 3005 cnm
1124 2935 1287 3010 vindicta.

286 3036 388 3109 unos·
404 3036 465 3103 sibi
483 3056 573 3104 nunc
589 3034 841 3116 interloquitur,
865 3036 1015 3106 “amicus
1029 3044 1145 3105 noster
1160 3036 1285 3105 sensim

283 3136 325 3205 llll
342 3159 378 3204 tlt·
394 3136 511 3203 redit.”

368 3236 495 3315 llorrers
509 3234 684 3304 nunnitus
699 3235 925 3305 animadverti
942 3238 1057 3306 oculos
1071 3237 1146 3306 eius
1161 3245 1287 3319 patere.

286 3338 427 3405 llimtus
444 3358 504 3403 nos
520 3335 717 3403 interelvrtur
731 3337 799 3404 nesi
816 3348 988 3418 quaereret
1019 3339 1078 3420 qui
1106 3359 1170 3406 nos
1199 3359 1286 3406 esse-

284 3460 368 3506 mus.
392 3436 542 3518 tlmllrey
560 3434 734 3503 ommium
751 3458 851 3505 suum
868 3438 970 3521 capiti
985 3437 1220 3518 eiussubiecit,
1233 3460 1290 3520 po

286 3538 469 3617 eulurnoue
485 3558 585 3617 uoure
601 3534 695 3603 labiis
710 3536 784 3604 eius
798 3537 960 3607 admovit.

375 3636 518 3717 'tleeire
535 3636 697 3702 haustum
712 3635 846 3713 huius?
862 3638 908 3706 ait
925 3639 981 3713 illi.
997 3650 1031 3706 et
1048 3637 1178 3719 Rogers
1191 3659 1290 3719 spon·

291 3754 323 3807 te
340 3760 401 3805 suo
419 3739 546 3803 itrsurm
564 3735 654 3807 feeit.
671 3757 731 3816 per
746 3737 879 3806 labrum
906 3738 1016 3819 poculi
1043 3739 1187 3807 miratus
1208 3760 1289 3807 enm

288 3852 475 3919 ,ispe-etrus
499 3836 665 3918 ‘'Qnirrum
681 3850 755 3905 tute
772 3838 876 3906 habes
886 3838 923 3907 ?'’

374 3938 509 4019 “lirun
525 3936 698 4009 delrilins.''
714 3938 821 4007 refert
838 3939 968 4021 Rogers
982 3960 1080 4021 piene
1095 3959 1289 4008 susurrans

285 4042 403 4109 ‘l'urne
425 4040 556 4119 impetu
576 4052 755 4118 correptus
765 4039 801 4105 Τ·
