3128 5016
278 728 342 798 316
544 742 753 797 numanum
774 742 883 796 nucu
904 735 1024 796 romu

280 910 403 982 herum
430 911 560 992 Lester,
575 910 602 980 si
617 911 680 980 has
694 911 725 980 ei
740 910 871 980 litteras
890 907 1094 992 exhsstueris,
1109 909 1172 980 tibi
1186 908 1288 979 dede·

280 1017 316 1064 re
342 1017 410 1064 non
436 1003 654 1078 negaturum.
677 995 766 1064 Arca
788 994 879 1063 euim
901 1014 970 1062 non
993 993 1095 1064 modo
1120 994 1287 1077 preclara

280 1101 335 1148 res
349 1101 410 1161 per
425 1101 461 1148 se
477 1086 538 1160 est,
554 1078 613 1148 sed
628 1086 664 1147 et
677 1079 712 1147 in
727 1078 846 1148 maiori
867 1085 907 1146 tu
928 1098 1005 1146 eam
1019 1077 1129 1161 pretio
1143 1076 1288 1147 habebis

280 1169 419 1245 propter
434 1170 567 1245 partem
590 1184 667 1246 quae
690 1162 721 1230 ei
744 1162 778 1230 in
800 1168 922 1258 nostra·
936 1160 1107 1258 minutula
1121 1159 1290 1231 comoedia

280 1246 477 1316 obvenerat.
493 1246 590 1314 Hanc
604 1245 752 1328 aliquem
768 1244 924 1314 domicilu
937 1250 988 1314 tu1
1003 1245 1171 1327 angulum
1189 1265 1291 1314 orna·

279 1352 327 1411 re,
341 1330 429 1400 scitu
445 1330 529 1398 mihi
544 1329 742 1399 delectabile
758 1337 857 1398 esset.

364 1412 417 1483 “U
458 1435 501 1482 ue
516 1435 557 1482 eo
572 1413 656 1482 dum
672 1412 734 1482 tibi
749 1413 875 1482 iterum
891 1410 974 1480 mihi
988 1432 1165 1483 occurrere
1174 1410 1289 1493 detur,

278 1497 326 1566 mi
340 1497 431 1567 Here
470 1497 701 1579 manissime,

552 1646 671 1717 “Tuus
686 1669 765 1717 cum
779 1647 1002 1720 admiratione
1017 1666 1199 1731 persevero

732 1780 944 1865 Crocum),
966 1781 1025 1853 Ille
1039 1778 1287 1851 Invinulrilie'’

365 1980 508 2050 “Nonne
531 1980 584 2051 hic
600 2002 722 2063 aequus
736 1988 788 2050 est
807 1980 900 2051 ludio
911 1980 948 2050 P'
974 1978 1098 2064 quaerit
1124 1978 1290 2077 Godfreg

290 2081 373 2151 dum
397 2080 589 2164 epistolium
607 2080 653 2149 illi
676 2080 788 2150 reddo.
811 2079 921 2164 “Quid
942 2101 1025 2164 ergo
1048 2078 1090 2151 de
1111 2099 1191 2150 arca
1220 2086 1292 2150 sta·

281 2181 449 2251 tuendum
466 2189 567 2262 putas
575 2181 612 2250 ?”
1063 2224 1067 2231 .

365 2280 555 2350 “Crochard
570 2302 646 2350 eam
661 2281 875 2363 praeatinasse
889 2280 925 2350 in
940 2279 1084 2351 dubium
1100 2278 1215 2349 vocari
1229 2300 1290 2363 po-

281 2403 317 2450 se
332 2381 424 2450 haud
440 2381 556 2463 put0‚”
572 2381 739 2464 respondi.

365 2480 506 2564 “ltaque
522 2502 563 2549 ea
577 2480 677 2550 modo
693 2503 770 2551 mea
785 2488 837 2551 est
845 2480 882 2550 ?”

365 2581 462 2651 “Tua
471 2582 624 2664 profecto
636 2589 697 2663 est;
716 2589 752 2651 at
763 2582 912 2666 quadam
927 2602 965 2652 re
975 2581 1037 2651 aba
1058 2588 1095 2651 te
1114 2588 1291 2665 corrumpi

282 2683 446 2767 postulo.’'

367 2782 555 2865 “Agedum,
570 2782 735 2865 postula’'

366 2882 431 2952 “Et
439 2905 503 2965 ego
519 2890 668 2951 strenam
679 2904 815 2965 quoque
825 2882 955 2965 exig0,''
966 2882 1115 2965 inquam
1128 2879 1228 2952 “Illas
1235 2881 1289 2951 lit·

282 2985 410 3054 terulas
426 3004 562 3065 quoque
574 2982 758 3051 admodum
773 2982 951 3065 concupivi
965 3017 1006 3027 —
1016 2982 1189 3065 insuper?
1209 2980 1294 3051 sub·

283 3085 362 3167 didi,
377 3084 471 3152 “vice
487 3082 600 3164 velim,
628 3090 728 3165 putes
750 3082 898 3165 apochae,
920 3083 947 3152 si
963 3082 1145 3167 quisquam
1173 3102 1230 3152 me
1244 3081 1290 3151 ob

281 3186 342 3254 tibi
358 3184 518 3253 donatam
530 3204 643 3251 arcam
659 3183 877 3265 postularet.”

356 3301 507 3382 Godirey
518 3300 552 3369 in
563 3301 668 3368 risum
681 3299 804 3382 erupit,
816 3299 1079 3383 schedulumque
1088 3306 1186 3370 trans
1194 3320 1290 3371 men·

283 3426 355 3474 sam
371 3402 413 3470 ad
430 3424 485 3470 me
501 3400 643 3469 traiecit.

367 3518 532 3599 “Habeam
543 3526 604 3586 tua
613 3518 697 3599 est,”
708 3517 829 3600 inquit.
839 3516 934 3601 “Ego
945 3524 1063 3588 autern
1073 3538 1159 3601 cras,
1168 3516 1228 3601 qui
1237 3538 1292 3587 ar·

281 3644 356 3693 cam
378 3619 535 3699 devehat,
557 3617 701 3686 mittam.
719 3618 766 3687 Ut
788 3625 882 3700 puto,
903 3638 945 3687 ea
965 3638 1075 3701 usque
1089 3618 1124 3687 in
1142 3616 1290 3687 statione

340 3722 375 3771 1²„

283 3731 351 3793 θεῖ’
366 3820 437 3889 “m
464 3826 525 3899 est,
548 3818 638 3901 quoa
660 3818 704 3887 aa
719 3817 958 3888 vindicandam
977 3840 1054 3888 eam
1075 3817 1185 3889 onum
1205 3818 1292 3905 mon

283 3922 428 3992 necdum
446 3919 641 4001 suppetivit.
661 3918 736 3999 Sed,
757 3918 940 4003 Godfrey‚”
958 3918 1102 4002 subdidi,
1117 3917 1291 4003 “quando-

284 4043 365 4093 nam
381 4020 480 4090 solvit
496 4023 548 4088 Lo
566 4023 740 4102 Breluyno
753 4021 788 4088 ?''
1340 4018 1343 4023 ’
