3128 5016
507 852 672 905 connum
702 836 923 905 uxianmrus
1156 835 1216 903 131

217 1021 310 1089 “Nec
335 1021 387 1088 ille
412 1021 561 1089 misellus
587 1021 667 1088 mihi
695 1043 822 1102 pravus
838 1020 992 1092 zvidetur.
1016 1019 1150 1100 Aliquid
1173 1019 1219 1086 illi

215 1120 329 1189 evenit
357 1157 394 1164 -
419 1120 545 1201 aliquid
561 1121 648 1188 circa
673 1121 763 1188 illam
789 1120 965 1188 mulierem
989 1119 1131 1201 ——quod
1148 1119 1219 1200 ipse

215 1243 392 1302 nunquam
408 1221 451 1288 sit
467 1221 644 1288 eluctatus
668 1220 920 1301 Expericndum
947 1219 1043 1287 nobis
1058 1219 1122 1287 erit
1137 1218 1219 1300 quid

215 1320 248 1388 id
265 1321 381 1389 fucrit.
405 1321 487 1400 Eho,
504 1343 580 1388 cccc
596 1321 649 1388 hic
674 1328 754 1388 sunt
777 1320 930 1388 homines
949 1318 1140 1388 Simmonds
1161 1339 1221 1386 no·

216 1421 308 1499 stri,”
324 1421 372 1488 ait
387 1421 458 1502 ipse
474 1421 556 1488 dum
573 1421 723 1488 Lictures
737 1421 805 1488 duo
830 1430 910 1488 ante
936 1421 1074 1488 domum
1096 1419 1220 1487 cunsti-

217 1530 345 1590 terunt.

311 1638 429 1706 “Tune
456 1638 559 1706 herus
584 1638 734 1720 Gudlrcy
759 1639 843 1706 cs?'’
876 1639 961 1706 alter
983 1637 1105 1719 quaerit
1127 1637 1218 1705 licto-

218 1761 304 1806 rum.

300 1838 354 1906 “ls
369 1839 478 1919 sum,’'
495 1838 667 1920 respondit
683 1838 843 1919 Godfrey.

302 1954 436 2023 “Herus
450 1955 641 2024 Simmonds
655 1956 842 2024 adventum
865 1963 1019 2023 nostrum
1036 1954 1107 2035 tibi,
1122 1956 1150 2022 si
1167 1954 1220 2022 hic

217 2077 318 2134 esses
334 2055 523 2136 significare
539 2077 601 2122 nus
615 2055 743 2123 iussit.’'

301 2172 504 2240 “Consilium
520 2179 674 2240 nostrum
691 2173 773 2252 est,'’
789 2173 837 2240 ait
848 2172 1008 2253 Godfrcy,
1019 2171 1150 2239 “utvos
1164 2170 1221 2239 do·

217 2294 311 2339 mum
335 2272 532 2339 custodiatis
556 2307 596 2316 -
623 2271 820 2340 custodiatis
846 2272 997 2353 undique
1020 2307 1060 2314 -
1082 2271 1221 2339 circuite

216 2395 291 2440 eam
308 2372 453 2453 penitus,
469 2372 616 2453 dateque
633 2394 770 2454 operam
794 2372 913 2454 nequis
939 2393 1013 2440 eam
1040 2370 1221 2453 appropin-

217 2473 331 2553 quet.’'

301 2588 503 2669 “Tenemus,
516 2589 560 2656 mi
574 2589 694 2669 Here,''
711 2611 779 2671 quo
795 2589 884 2658 dicto
899 2590 1024 2671 digitos
1035 2588 1077 2656 ad
1087 2589 1220 2669 galeam

217 2689 430 2769 levaverunt,
447 2696 521 2757 tum
537 2711 628 2757 unus
653 2690 808 2758 circuivit
824 2690 867 2758 ad
884 2689 1045 2772 posticam
1071 2689 1220 2770 domum,

223 2789 309 2857 alter
324 2812 405 2857 vero
421 2812 441 2857 a
457 2791 571 2858 frome
588 2790 692 2859 stetit.

301 2905 354 2975 “si
370 2907 403 2973 hi
419 2929 454 2974 se
470 2907 616 2974 fortasse
632 2907 854 2988 occulerent,”
871 2906 960 2974 suasi
983 2928 1057 2988 ego,
1074 2906 1220 2975 “nebulo

217 3006 270 3075 ille
286 3007 428 3074 auderet
445 3006 580 3086 reverti,
597 3014 631 3075 et
647 3008 693 3075 sic
709 3007 864 3089 intercipi
880 3008 1024 3088 posset.”

301 3107 452 3188 Godfrey
467 3115 582 3174 tamen
598 3107 718 3189 capitis
733 3115 821 3175 nutu
837 3106 986 3189 negavit.

301 3223 482 3292 “Reditum
498 3223 571 3292 eius
587 3224 729 3306 experiri
747 3224 855 3304 n0l0‚’'
871 3223 992 3305 inquit,
1009 3222 1138 3292 “satius
1160 3223 1219 3291 ha·

219 3323 280 3391 beo
297 3345 375 3391 eum
392 3323 584 3393 absterreri.
608 3324 803 3392 Consultius
817 3331 869 3391 est
885 3332 925 3391 ut
939 3345 1001 3391 nus
1024 3323 1151 3391 cavisse
1173 3323 1221 3391 in·

218 3424 378 3503 religat?
401 3424 462 3490 His
477 3424 574 3492 dictis
589 3424 831 3505 praeterlabcns
852 3423 1018 3505 pilentum
1043 3431 1143 3503 gestu
1168 3444 1220 3490 ac·

216 3546 360 3604 cerscns
376 3525 570 3592 scamellum
586 3524 659 3592 eius
674 3547 743 3592 uno
759 3523 844 3606 pede
859 3522 1019 3603 ascendit,
1031 3529 1116 3603 tum,
1128 3521 1219 3591 “lam

217 3631 261 3704 te,
278 3623 323 3691 mi
339 3624 488 3704 Lester‚”
504 3625 625 3706 inquit,
652 3623 774 3692 “antea
801 3623 899 3692 docui
926 3645 980 3691 me
1002 3645 1080 3691 eum
1105 3623 1221 3691 formi-

217 3723 307 3791 dare.
340 3724 394 3792 'lu
420 3725 566 3793 fortasse
590 3747 643 3792 me
669 3724 770 3793 iocari
795 3723 970 3806 putavisti,
993 3731 1030 3792 at
1045 3723 1078 3791 id
1094 3745 1161 3791 non
1178 3746 1220 3791 ex

216 3824 288 3892 ioco
303 3824 381 3891 dixi.
405 3825 592 3907 Nunquam
606 3825 639 3893 in
657 3825 728 3893 vita
744 3847 821 3893 mea
843 3826 952 3906 magis
975 3827 1062 3893 serio
1087 3826 1220 3892 locutus

217 3946 302 3992 sum.
326 3924 378 3992 Ad
395 3925 561 3993 officinam
578 3927 752 4005 Record,'’
771 3925 818 3993 ait
836 3925 1021 4007 pilentari0,
1044 3924 1220 4006 strepenti·

218 4024 349 4106 busque
376 4025 459 4092 rotis
483 4034 625 4094 avectus
651 4032 703 4093 est
718 4047 771 4093 me
788 4032 864 4107 post
890 4046 969 4092 eum
996 4024 1125 4093 diutius
1149 4046 1221 4107 spe·

215 4132 340 4194 ctante.
