3128 5016
618 788 796 842 cauma*
1166 771 1208 839 83

210 955 314 1024 herus
344 957 493 1039 Godfrey
523 957 557 1025 in
592 957 771 1027 musicario
807 957 1040 1026 morabamini.
1084 957 1209 1024 Doctor

211 1056 353 1139 Hughes
367 1080 446 1126 eum
461 1059 583 1126 misit'’

294 1157 368 1227 “Sic
382 1181 436 1227 res
450 1180 485 1226 se
501 1159 634 1239 habet,”
650 1159 830 1227 confirmat
845 1159 1034 1239 homullus;
1059 1158 1209 1239 “nosque

211 1257 356 1326 cadaver
372 1281 432 1341 pro
447 1260 567 1341 capulo
582 1267 740 1341 paratum
756 1259 931 1328 habemus.
956 1259 993 1327 ld
1009 1267 1044 1326 et
1068 1265 1208 1339 aspectu

212 1359 390 1440 pulchrum
406 1367 468 1440 est,
484 1382 571 1442 opus
586 1367 700 1428 tamen
722 1360 830 1428 arduo
855 1360 968 1427 labore
994 1360 1209 1440 perfecimus.

213 1460 404 1540 Venenonc,
420 1461 566 1541 obsecro,
582 1462 649 1529 fuit
666 1462 719 1529 ille
735 1461 1006 1543 interemptus?”

295 1560 368 1629 “lta
382 1561 481 1642 fuit,’'
496 1562 652 1644 respondi
670 1562 816 1644 quodam
843 1562 953 1642 taedio,
978 1561 1130 1629 “veneno
1156 1583 1212 1628 ex-

211 1662 369 1730 tinctus.”

296 1761 433 1831 “Genus
448 1763 701 1830 virulentissimi
726 1763 848 1830 veneni
876 1763 908 1830 id
940 1763 1009 1831 fuit
1039 1763 1211 1844 profect0;

212 1884 274 1930 nec
300 1862 440 1930 dixerim
466 1885 527 1930 nos
552 1863 652 1931 nimis
678 1870 812 1931 mature
836 1863 1023 1931 advenisse.
1056 1863 1211 1944 Quonam

213 1961 266 2029 vis
281 1961 427 2030 cadaver
442 1965 643 2031 collocemus
658 1965 692 2033 ?’'

297 2061 386 2131 “Cur
410 2085 477 2131 non
494 2064 538 2132 ibi
555 2065 612 2132 ubi
629 2065 728 2133 modo
744 2072 796 2133 est
813 2065 1026 2146 relinquatur
1040 2065 1075 2133 ?’'
1093 2084 1211 2144 quaero

213 2162 401 2244 impatiens.

297 2261 398 2331 “Esto
414 2272 454 2332 ut
469 2265 574 2345 iubes,
590 2265 634 2332 mi
653 2265 772 2345 Here,'’
797 2288 955 2333 assensus
979 2267 1075 2332 latur
1102 2265 1213 2342 homo,

213 2383 320 2443 quum
336 2363 405 2444 ipse
421 2366 612 2447 caeterique,
624 2388 749 2447 magno
766 2389 841 2433 meo
857 2367 1034 2446 levamine,
1050 2387 1128 2432 cum
1143 2363 1215 2431 libi-

215 2462 336 2530 tinario
352 2462 587 2533 discesserunt.

298 2562 419 2633 “Nunc
435 2566 547 2646 vero,”
563 2567 715 2648 alloquor
739 2567 856 2646 Parks
873 2567 944 2634 “est
969 2565 1095 2647 aliquid
1124 2563 1213 2647 quod

213 2662 274 2730 tibi
289 2663 398 2732 dicere
414 2667 525 2733 velim.
548 2667 674 2734 Eamus
689 2667 801 2748 aliquo
817 2676 852 2736 et
868 2667 1131 2735 consideamus'’

298 2763 407 2846 “Quid
423 2766 449 2832 si
466 2766 498 2832 in
516 2767 667 2834 studium
693 2768 952 2848 ascenderimus,
964 2768 1008 2834 mi
1027 2768 1117 2834 Here
1131 2769 1146 2835 ?
1161 2765 1216 2832 Tu

216 2887 284 2932 non
298 2887 417 2946 parum
434 2867 559 2934 videris
575 2890 647 2934 esse
664 2868 850 2948 coniectus
868 2869 894 2935 si
911 2870 965 2936 fas
980 2870 1023 2936 sit
1040 2869 1088 2935 ita
1113 2867 1215 2948 loqui.

216 2965 390 3033 Licebitne
406 2967 487 3034 mihi
502 2968 628 3048 aliquid
644 2968 686 3034 ad
703 2968 912 3048 gustandum
928 2969 1051 3037 afferre
1061 2969 1097 3036 ?'’

298 3065 485 3134 “Brisaeum
501 3068 752 3148 acidulatum,’'¹
771 3069 921 3150 inquam,
949 3068 996 3136 “si
1021 3069 1069 3137 ita
1096 3068 1216 3149 placet,

218 3167 320 3234 etiam
338 3189 398 3246 nro
415 3168 479 3234 te.”

300 3265 482 3334 “Libenter
503 3268 638 3349 faciam,
660 3268 750 3336 Here
773 3269 849 3349 mi,”
883 3277 917 3336 et
948 3292 1056 3351 pauca
1086 3269 1219 3337 minuta

215 3373 291 3449 post
307 3367 425 3434 eodem
437 3367 470 3434 in
483 3368 638 3436 cubiculo
654 3391 672 3435 c
688 3369 826 3449 regione
842 3369 987 3437 invicem
1004 3370 1216 3448 sedebamus,

219 3467 277 3535 ubi
292 3488 360 3534 non
376 3468 492 3535 multis
509 3468 599 3536 horis
614 3477 694 3536 ante
710 3469 813 3536 herus
829 3470 976 3537 Vantine
1001 3470 1118 3538 eodem
1135 3477 1218 3550 potu

216 3588 270 3634 me
287 3575 509 3636 recreaverat.
536 3568 625 3636 Dum
639 3569 746 3636 Parks
762 3569 842 3636 mihi
859 3570 1083 3637 exadversum
1100 3569 1221 3637 reside-

320 3753 343 3802 1.
361 3753 466 3816 Aquam
493 3752 625 3812 fossilem,
646 3753 689 3803 vel
713 3753 887 3811 metallicam,
910 3751 1070 3813 aridulam,
1093 3753 1151 3803 sivo
1174 3767 1221 3815 per

217 3835 383 3886 adiectivum
396 3850 453 3895 -ιιθ,
471 3851 511 3897 -α,
528 3852 600 3896 -ιωη,
617 3836 675 3887 sive
688 3853 734 3900 per
746 3854 844 3888 nomen
859 3834 989 3896 acidulo,
1007 3851 1051 3897 -ae,
1078 3851 1220 3894 vocamus:

217 3908 310 3983 itaque
323 3916 478 3969 ocidulore
492 3927 520 3972 et
537 3918 722 3971 ocidululum
743 3921 857 3972 adhibeo
883 3921 915 3970 ad
935 3921 1110 3971 indicandum
1129 3925 1220 3971 actum

217 4002 357 4066 quodlibet
371 4009 500 4056 temetum
516 4002 637 4055 aciduld
651 4007 828 4070 temperandi,
855 4013 885 4058 ut
904 4006 1027 4071 Europaei
1049 4005 1158 4057 diluunt
1181 4005 1221 4055 vi·

218 4101 292 4145 num,
304 4086 376 4152 apud
388 4088 493 4154 Anglos
506 4086 644 4141 briareum
658 4097 685 4144 et
700 4091 859 4146 secalinum.
