3128 5016
660 849 949 904 namomsrouss
1260 832 1302 903 97

380 1018 558 1088 “Fortasse
573 1018 695 1089 mulier
709 1018 744 1087 id
759 1040 802 1087 ne
818 1017 953 1088 curavit
967 1017 1115 1101 quidem.
1152 1017 1301 1089 Vantine

295 1118 366 1201 ipse
381 1118 464 1188 mihi
480 1119 565 1189 dixit
580 1140 616 1187 se
630 1141 744 1187 arcam
759 1118 1011 1188 accuratissime
1029 1119 1297 1200 exploraturum.

294 1220 365 1288 Nec
380 1218 500 1288 dubito
514 1219 597 1301 quin
612 1219 683 1300 ipse
699 1218 762 1288 hoc
777 1219 889 1301 ipsum
915 1218 1088 1300 agitasset,
1115 1239 1222 1300 quum
1248 1219 1299 1289 in-

295 1325 456 1388 terventu
472 1319 622 1388 mulieris
637 1318 798 1388 turbatus
813 1326 911 1387 esset.
929 1318 1015 1387 Fieri
1032 1339 1167 1401 quoque
1184 1327 1297 1400 potest

294 1419 406 1501 ipsum
422 1441 458 1488 se
475 1419 562 1487 hanc
578 1441 597 1487 e
612 1418 712 1488 domo
727 1419 888 1500 emisisse,
903 1425 979 1488 tum
1005 1440 1088 1487 vero
1113 1418 1155 1487 ad
1181 1440 1295 1488 arcam

295 1541 499 1602 regressum,
515 1527 696 1601 postquam
712 1519 784 1601 ipsa
799 1518 1013 1600 discessisset,
1029 1518 1064 1586 in
1079 1519 1232 1587 forulum
1243 1541 1296 1588 oc·

294 1621 427 1690 cultum
443 1619 628 1689 incidisse.”

377 1736 460 1818 “lta,
476 1759 575 1818 sane;
597 1737 630 1806 id
646 1759 782 1819 quoque
797 1736 869 1805 fieri
885 1743 1028 1819 poterat.
1050 1736 1295 1806 Verumtamen

292 1859 428 1906 mecum
444 1837 607 1906 fateberis
622 1844 807 1919 utrumque
824 1837 915 1905 hunc
928 1837 1003 1905 fere
1024 1836 1058 1904 in
1082 1836 1232 1918 modum,
1254 1845 1295 1907 ut

292 1937 394 2006 modo
409 1937 661 2019 descripseram,
677 1939 824 2006 occisum
839 1937 977 2006 luisse.'’

374 2053 499 2122 “Recte
515 2076 640 2123 mones.
664 2054 756 2122 Nihil
772 2075 910 2136 prorsus
935 2060 1021 2134 puto
1036 2052 1294 2123 dubitandum.'’

375 2170 542 2240 “Obstant
558 2170 695 2252 quidem
711 2171 873 2239 nonnulla
888 2206 929 2214 -
944 2191 1005 2239 nec
1021 2191 1142 2252 parum
1163 2171 1293 2252 gravia.

292 2271 469 2341 Sententia
484 2271 557 2339 haec
573 2271 720 2339 declarat
737 2271 874 2353 quidem
890 2271 1029 2339 modum
1044 2269 1224 2352 utriusque
1237 2293 1295 2340 ne·

291 2372 348 2452 cis,
364 2371 502 2453 perinde
518 2370 663 2452 explicat
684 2370 937 2440 similitudinem
961 2371 1160 2451 vulnerum;
1182 2377 1293 2439 osten-

290 2472 340 2539 dit
357 2493 457 2552 porro
472 2492 577 2552 quare
593 2477 739 2553 utraque
755 2471 855 2552 plaga
870 2471 905 2538 in
921 2478 1014 2539 recta
1039 2491 1154 2551 manu,
1179 2471 1292 2553 paullo

291 2571 382 2639 infra
397 2571 582 2651 iuncturas,
599 2570 725 2639 inflicta
741 2571 793 2649 sit;
805 2571 949 2651 explicat
965 2570 1110 2653 denique
1123 2591 1228 2653 quare
1241 2592 1295 2639 ca·

291 2671 417 2739 davcra
443 2671 561 2740 eodem
586 2678 720 2752 reperta
749 2670 816 2739 sint
846 2672 928 2752 loco,
954 2670 1120 2753 siquidem
1146 2677 1292 2753 uterque

288 2793 407 2840 eorum
423 2794 521 2853 opem
538 2772 720 2853 quaesirum
736 2771 855 2839 iverat.
878 2773 1017 2852 Verum,
1044 2770 1153 2853 primo
1168 2771 1249 2852 loco,
1264 2771 1292 2839 si

289 2871 440 2940 Francus
455 2872 606 2940 forulum
622 2871 794 2952 evulserit,
807 2871 964 2952 quisnam
975 2871 1121 2940 eundem
1132 2871 1291 2940 clausit?''

373 2989 550 3058 “Fortasse
565 3011 670 3057 manu
687 2996 818 3056 remota
833 2989 968 3058 forulus
982 2989 1054 3071 ipse
1081 3010 1116 3056 se
1139 2988 1291 3058 clausit.”

372 3089 436 3158 “Et
452 3090 576 3158 iterum
603 3111 675 3157 sese
702 3088 821 3157 clausit
846 3096 1026 3170 postquam
1052 3087 1199 3157 Vantine
1214 3111 1292 3171 ape·

288 3191 397 3260 ruerit
405 3189 441 3257 l''

373 3306 537 3375 “Etiam’'

371 3405 621 3474 “Mcchanisma
635 3405 851 3474 scitissimum
864 3405 897 3474 id
914 3427 986 3474 esse
1001 3406 1165 3487 oportet.”

371 3505 437 3574 “At
453 3505 485 3574 id
503 3505 575 3574 fieri
591 3507 712 3574 saltem
728 3506 871 3588 potest.”

369 3621 473 3705 “Quis
488 3623 521 3691 id
536 3622 609 3690 fieri
625 3645 722 3705 posse
739 3622 867 3704 neget?
884 3621 1075 3690 Meminisse
1092 3644 1153 3690 nos
1166 3644 1289 3691 conve·

284 3723 334 3791 nit
350 3723 519 3791 veneficos
534 3723 607 3790 eius
623 3723 687 3790 aevi
704 3722 990 3804 ingeniosissimos
1011 3722 1128 3790 fuisse.
1161 3722 1211 3790 Ea
1234 3723 1289 3791 fu·

283 3830 384 3890 erunt
401 3830 554 3904 tempora
569 3822 685 3903 gloriae
701 3823 750 3890 La
766 3821 881 3890 Voisin
893 3831 997 3903 atque
1009 3821 1181 3904 Marquise
1193 3821 1289 3890 Brin-

282 3922 407 3991 villiers
421 3923 464 3991 ab
480 3923 576 4002 Elixi,
603 3930 638 3990 et
665 3923 773 3991 Orcus
799 3922 932 3990 noverit
947 3929 1030 4003 quot
1045 3922 1188 3991 aliorum
1205 3922 1289 3990 artis

282 4022 384 4090 huius
399 4023 596 4104 peritorum,
612 4023 670 4104 qui
687 4023 905 4091 catharinam
921 4021 963 4090 de
978 4022 1117 4090 Medicis
1131 4021 1166 4090 in
1185 4021 1289 4090 Fran-

277 4123 365 4192 ciam
380 4123 487 4192 secuti
503 4122 581 4192 sint.
603 4122 684 4192 Haec
700 4144 783 4205 ergo
798 4122 911 4191 omnia
925 4121 998 4191 fieri
1009 4128 1100 4191 certe
1113 4128 1281 4205 poterant.
