3128 5016
619 809 705 864 sons
723 809 809 864 nuru
828 808 935 863 naor
1212 788 1278 861 295

363 975 439 1047 “Ita
463 978 578 1060 ver0,'’
604 976 747 1060 probavi
773 997 838 1060 ego
864 975 986 1060 spiritu
1002 975 1077 1045 fere
1092 973 1281 1057 deficiente,

279 1076 480 1148 “vidimus’'

362 1177 443 1248 “Ille
468 1200 551 1262 ergo
577 1185 651 1248 erat
673 1177 855 1248 Crochard.
879 1177 912 1248 Is
926 1177 1032 1261 igitur
1046 1177 1160 1262 ipsum
1180 1175 1282 1259 Pigot

279 1279 315 1348 in
330 1277 469 1348 diaetam
484 1300 582 1348 suam
596 1277 702 1348 illexit
717 1314 758 1323 —
773 1277 893 1347 eodem
908 1299 977 1359 quo
991 1276 1183 1348 Simmonds
1204 1275 1283 1346 oda

279 1399 317 1448 re
331 1399 411 1447 eum
427 1378 499 1448 sine
514 1378 618 1448 dubio
629 1385 827 1461 soporatum
839 1376 903 1447 sub
914 1398 1010 1446 cama
1021 1377 1191 1462 seposuit;
1205 1396 1284 1459 syn·

280 1477 392 1547 thesin
408 1478 483 1548 eius
497 1478 619 1560 induit,
633 1479 771 1547 vultum
787 1477 924 1548 offucia¹
941 1484 977 1547 et
1001 1477 1084 1547 fuco
1107 1476 1216 1559 finxit,
1230 1496 1284 1545 aa·

280 1578 528 1661 pillamentum²
549 1578 694 1662 sumpsit
710 1614 749 1623 -
765 1586 890 1647 cuncta
915 1585 1032 1647 autem
1057 1578 1131 1648 haec
1153 1577 1285 1647 interea

280 1677 531 1748 administravit
546 1678 629 1748 dum
644 1700 707 1748 nos
721 1699 802 1748 eum
818 1679 1055 1761 prestolantes
1076 1678 1152 1749 fere
1175 1677 1285 1748 calces

281 1778 515 1848 detrivimus.''

351 1877 419 1948 “At
427 1900 510 1948 vero
519 1878 590 1961 ipse
601 1878 740 1947 immani
749 1899 785 1948 se
800 1877 983 1948 discrimini
994 1877 1146 1961 obiecit‚”
1162 1875 1282 1948 obver-

281 1986 318 2049 to
332 2000 407 2064 ego.
429 1976 537 2048 “Tam
557 1979 656 2048 multi
668 1986 846 2048 vectorum
861 1984 1098 2062 cognoverunt
1123 1977 1224 2062 Pigot
1240 2012 1283 2022 -

280 2079 421 2163 proinde
444 2079 708 2150 simulationem³
731 2078 910 2163 oportebat
927 2077 1214 2148 accuratissimam
1233 2099 1284 2148 es·

281 2181 349 2250 se„

365 2278 557 2349 “Crochard
586 2286 742 2349 nostrum
757 2279 837 2349 talia
848 2278 986 2348 minime
1001 2277 1187 2349 retardant
1206 2276 1280 2347 Nec

282 2379 462 2449 discrimen
478 2387 552 2448 erat
568 2385 639 2448 tam
653 2401 770 2462 grave.
786 2378 887 2462 Pigot
902 2400 1003 2448 nemo
1024 2385 1180 2448 nostrum
1204 2398 1281 2461 pro·

281 2480 358 2563 pius
372 2479 468 2560 vidit;
482 2479 566 2548 nihil
581 2480 645 2548 nisi
660 2480 854 2562 occipitium
865 2480 939 2548 eius
959 2478 1206 2562 conspeximus
1225 2498 1284 2547 ve-

283 2588 395 2652 ctores
403 2602 486 2649 vero
494 2580 609 2649 cuncti
618 2581 652 2648 in
662 2581 830 2650 medicum
838 2580 1062 2663 inspectorem
1071 2585 1170 2649 erant
1178 2578 1288 2647 inten-

283 2681 320 2749 ti.
332 2681 376 2749 Et
390 2687 508 2749 tamen
517 2680 795 2749 simulamentum
809 2679 1102 2749 accuratissimum
1112 2678 1191 2748 fuit.
1206 2677 1286 2747 Cro·

283 2780 386 2850 chard
402 2780 494 2848 enim
509 2780 583 2849 eius
597 2779 646 2849 rei
669 2780 892 2863 peritissimus
906 2787 959 2849 est
983 2778 1120 2861 artifex,
1141 2798 1204 2847 nec
1224 2776 1287 2846 du·

284 2880 463 2950 bitandum
489 2887 541 2949 est
561 2901 641 2949 eum
656 2880 812 2949 habitum
827 2902 866 2949 ac
882 2879 1028 2963 speciem
1043 2878 1143 2961 Pigot
1158 2876 1286 2960 optime

282 3002 427 3050 novisse.

368 3081 459 3164 Quin
478 3087 513 3150 et
532 3080 692 3149 aerarium
718 3080 816 3149 navis
838 3079 1019 3149 fefellit-
1035 3100 1097 3149 nec
1112 3077 1183 3162 ipse
1198 3084 1288 3148 esset

284 3181 471 3265 quidquam
486 3181 677 3264 suspicatus
687 3180 716 3248 !''

369 3281 442 3352 “Sic
457 3303 541 3364 ergo
556 3281 626 3364 ipse
641 3281 695 3350 hic
711 3279 881 3350 Crochard
896 3280 966 3349 fuit
989 3333 996 3348 .
1021 3332 1029 3348 .
1052 3280 1081 3348 .”

369 3381 437 3451 “At
456 3403 520 3450 nos
545 3381 686 3451 decebat
709 3381 881 3463 suspicari.
909 3379 1060 3449 Decebat
1085 3399 1148 3448 nos
1169 3399 1287 3447 omnes

285 3481 458 3566 suspicari,
484 3482 597 3550 omnia
627 3482 661 3551 in
692 3480 835 3551 dubium
863 3501 1033 3561 revocare;
1062 3477 1204 3549 decebat
1232 3499 1288 3548 me

387 3685 410 3735 1.
430 3680 555 3748 Offucia‚
571 3697 619 3734 -aet
632 3698 713 3734 omne
726 3697 813 3747 genus
834 3681 1005 3747 pigmentum
1023 3680 1124 3741 vultus.
1141 3677 1183 3732 uti
1201 3692 1289 3731 cerus·

287 3783 325 3827 su,
339 3767 503 3832 purpurissa,
517 3767 606 3825 fucus,
619 3766 704 3824 fraus,
716 3765 803 3825 dolus,
815 3765 931 3825 technae,
945 3765 1030 3817 tricae.

387 3851 413 3901 2.
431 3847 693 3914 Capillamentum,
709 3846 745 3900 -is
760 3847 926 3913 corymbion,
940 3847 1012 3899 falsa
1023 3861 1109 3899 coma.

388 3933 413 3984 3.
430 3930 590 3985 simulatio
602 3931 708 3997 proprie
732 3937 774 3983 est
799 3928 954 3991 similatio,
969 3945 1052 3996 quum
1066 3929 1130 3992 quis
1143 3944 1223 3983 suum
1235 3929 1292 3982 vul·

285 4022 345 4068 tum
357 4015 471 4067 alterius
484 4015 658 4072 vultiniaco,
676 4014 749 4066 falsd
769 4014 860 4073 barbd,
885 4013 956 4066 falsa
968 4015 1045 4066 comd
1058 4012 1174 4079 aliisque
1187 4012 1285 4075 modia,

289 4095 418 4151 ainrilem
431 4098 527 4157 reddit,
542 4114 656 4165 eumque
670 4097 846 4150 lineamentis
859 4096 991 4150 imitatur.
