3128 5016
337 761 400 830 114
599 776 809 831 ursmarum
830 775 938 830 anca
960 769 1078 830 souin

334 944 388 1014 ius
416 945 646 1014 collocutionis
674 967 777 1014 causa
806 944 1060 1015 adsciscendum
1096 943 1335 1013 existimarem.

335 1044 529 1114 Praesertim
562 1066 670 1128 quum
699 1045 946 1115 suscitabulum
976 1044 1187 1127 praedonium
1217 1065 1336 1113 sonare

335 1144 524 1227 coepisset.”

419 1259 693 1331 “Suscitabulum
707 1262 960 1345 praedonium?”
975 1262 1042 1330 cito
1056 1261 1225 1330 exclamat
1250 1259 1337 1331 God-

334 1361 422 1444 frey.
445 1360 556 1445 “Quid
570 1363 621 1431 ais
629 1362 666 1432 ?’'

420 1493 616 1564 “Habemus
630 1495 720 1564 enim
744 1496 779 1564 in
802 1496 963 1565 fenestris
987 1494 1194 1564 suscitabula
1218 1503 1338 1565 contra

336 1595 522 1678 praedones.
546 1595 584 1664 ld
599 1596 736 1678 quidem
751 1597 899 1665 interdiu
923 1603 1078 1665 avertere
1102 1596 1259 1676 solemus,
1280 1594 1338 1664 ho·

336 1695 390 1765 die
406 1703 520 1764 tamen
537 1696 644 1764 satius
658 1696 739 1765 duxi
755 1697 940 1766 adversum
956 1718 1103 1778 servare,
1129 1696 1245 1779 itaque
1270 1717 1339 1765 me·

336 1795 391 1864 dio
405 1797 657 1878 postmeridiem
673 1818 792 1865 revera
808 1797 932 1865 tinniit.
955 1797 1108 1864 Primum
1123 1796 1270 1878 aliquem
1281 1795 1338 1865 do·

336 1896 552 1965 mesticorum
568 1897 754 1964 fenestram
770 1898 901 1979 aperire
925 1904 1058 1965 tentare
1081 1895 1256 1979 putabam,
1278 1894 1337 1966 sed

335 1996 451 2065 nullus
476 1996 510 2065 id
534 1997 725 2065 temeravit.
747 1998 847 2066 Certe
863 2004 947 2079 puto
961 1996 1088 2079 aliquid
1104 1996 1247 2065 infausti
1262 2017 1340 2066 eve·

335 2095 456 2166 nisse„

420 2213 605 2283 ‘'Visumne
619 2214 711 2283 ivisti
726 2215 913 2282 fenestram
920 2215 956 2284 ?''
971 2235 1089 2296 quaero
1103 2235 1146 2282 ex
1162 2235 1212 2283 eo.

420 2347 491 2416 “lvi
507 2349 618 2416 visum
634 2348 811 2430 equidem;
833 2369 912 2417 nam
929 2355 963 2415 et
979 2347 1076 2416 lictor
1098 2346 1238 2417 advenit
1262 2348 1340 2418 scis·

335 2448 477 2517 citatum
494 2449 576 2531 quid
597 2449 781 2529 accidisset,
795 2457 829 2517 et
845 2471 914 2517 una
929 2448 1147 2517 circuivimus
1170 2449 1340 2518 fenestras

335 2550 560 2631 exploratum,
577 2549 634 2617 sed
651 2549 783 2617 clausas
798 2570 916 2617 omnes
932 2548 1128 2631 reperimus.
1152 2548 1236 2618 Inde
1255 2570 1339 2632 quo·

335 2648 515 2718 dammodo
531 2649 749 2718 meticulosus
764 2650 940 2731 paululum
956 2649 1070 2717 factus
1084 2649 1191 2718 sum.'’

421 2765 695 2836 “Suscitabulum
711 2788 863 2849 usquenc
880 2766 1082 2847 operatur?”

419 2883 518 2952 “Non
533 2892 710 2967 operatur;
732 2884 829 2952 lictor
843 2904 898 2950 me
922 2881 1064 2950 docebat
1086 2880 1337 2952 circinationem

335 2983 457 3053 alicubi
473 2993 610 3066 ruptam
624 3007 707 3064 esse,
723 3005 826 3065 seque
840 2982 965 3061 fabros,
988 2982 1047 3064 qui
1071 2990 1275 3064 apparatum
1290 2982 1339 3052 in·

334 3084 529 3253 {gixtuelriant
546 3085 714 3166 extemplo
729 3083 948 3160 edocturum;
974 3081 1033 3150 sed
1048 3082 1215 3152 hactenus
1236 3103 1338 3152 nemo

419 3317 553 3387 “Satius
576 3318 722 3386 arbitror
746 3325 785 3385 ut
809 3317 872 3399 ipsi
896 3317 1065 3385 fenestras
1089 3316 1337 3398 exploremus,”

335 3417 456 3487 suadet
472 3418 632 3500 Godfrey.
655 3418 739 3496 “Tu
765 3417 881 3497 Parks,
907 3417 959 3485 hic
986 3414 1147 3485 manebis.
1185 3415 1258 3486 Nos
1280 3437 1338 3486 eas

334 3518 396 3601 ipsi
414 3521 640 3601 reperiemus;
662 3519 738 3586 nolo
754 3518 878 3585 ostium
894 3517 947 3585 vel
972 3538 1034 3599 pro
1055 3523 1230 3585 momento
1253 3523 1337 3586 tem·

334 3618 426 3701 poris
441 3619 512 3687 sine
528 3619 681 3687 custodia
698 3618 873 3699 relinqui.”

418 3752 490 3820 Nos
514 3752 648 3820 interim
676 3772 779 3819 unam
803 3752 989 3818 fenestram
1015 3757 1091 3832 post
1114 3752 1258 3820 alteram
1281 3771 1337 3819 ex·

334 3852 551 3934 ploravimus,
567 3852 723 3933 quocirca
738 3850 963 3918 minutissima
978 3871 1070 3930 cura,
1092 3872 1161 3933 qua
1185 3849 1336 3932 Godfrey

333 3951 467 4033 singula
482 3953 684 4034 inspexerat,
702 3973 755 4020 me
771 3961 909 4033 stupore
926 3950 1086 4032 perculit;
1102 3972 1182 4019 nam
1196 3972 1241 4020 ne
1252 3971 1338 4020 som·

335 4050 430 4120 niare
447 4052 584 4135 quidem
601 4052 756 4122 valebam
779 4073 928 4134 quonam
954 4049 1020 4120 ista
1044 4051 1209 4122 sedulitas
1231 4049 1335 4121 tende
