3128 5016
546 790 668 844 emor
690 791 837 846 oemau
858 791 1024 846 courum
1243 779 1286 849 55

285 957 380 1029 nium
395 958 431 1028 in
446 958 509 1028 hac
524 957 625 1028 domo
651 959 860 1030 famulorum
869 959 906 1030 ?''
933 960 1056 1044 quaerit
1079 960 1124 1032 ab
1149 984 1190 1032 eo
1212 968 1290 1045 post

287 1060 393 1129 relata
407 1058 514 1128 finita.

366 1159 537 1242 “Habeo’'
552 1161 660 1229 refert
675 1160 740 1242 ifle,
756 1169 791 1230 et
806 1161 985 1232 elenchum
999 1161 1045 1231 illi
1061 1163 1211 1233 tradidit.

366 1276 508 1358 “Hem”
522 1284 653 1346 mussat
667 1277 739 1359 ipse
755 1277 894 1348 elencho
908 1278 991 1348 viso.
1016 1277 1140 1362 “Quini
1155 1302 1287 1349 eorum·

286 1378 524 1463 Quidquamne
539 1376 602 1446 tibi
617 1377 660 1446 de
675 1377 715 1446 iis
730 1385 852 1448 notum
858 1379 894 1448 ?”

366 1477 432 1547 “Hi
457 1477 570 1547 cuncti
593 1477 720 1547 multos
743 1500 850 1548 annos
873 1479 965 1562 apud
991 1480 1113 1550 herum
1138 1481 1286 1552 Vantine

283 1584 483 1663 exegerunt,
498 1577 544 1646 mi
554 1577 678 1660 Here,''
690 1578 864 1660 respondit
875 1579 1075 1650 Simmonds.
1088 1580 1286 1664 “Quantum

227 1682 231 1688 ’
284 1680 364 1749 mihi
379 1684 525 1760 constat,
541 1699 659 1748 omnes
672 1686 755 1749 sunt
770 1679 856 1748 bene
877 1680 1032 1749 morati.’'

365 1794 552 1879 “Quisnam
567 1816 687 1865 eorum
702 1796 830 1878 reperit
844 1796 992 1866 cadaver
1005 1797 1154 1867 Vantine
1163 1798 1201 1868 ?”

365 1895 505 1977 “Parks,
521 1901 561 1964 ut
576 1896 691 1978 puto,'’
706 1896 865 1979 respondi
881 1918 945 1978 ego
954 1918 963 1978 ;
1000 1896 1125 1966 “etiam
1140 1897 1212 1981 ipse
1228 1921 1283 1969 me

283 1995 489 2067 accersivit.'’

365 2096 500 2166 “Satius
515 2094 581 2165 erit
596 2117 676 2165 eum
691 2096 826 2178 citare,'’
842 2096 955 2180 inquit
981 2096 1106 2180 Grady,
1129 2098 1212 2168 dum
1235 2098 1285 2167 in·

282 2204 374 2268 terea
388 2196 567 2267 elenchum
585 2196 748 2278 plicatum
763 2197 798 2264 in
814 2196 984 2266 sacculum
999 2197 1158 2278 condidit.

364 2314 473 2384 Parks
498 2313 641 2382 intravit
668 2336 737 2382 non
761 2335 883 2396 parum
909 2313 1185 2396 haesitabundus;
1223 2316 1283 2385 sed

281 2414 524 2498 quaestionibus
546 2414 661 2496 Grady
684 2415 773 2483 clare
802 2421 838 2482 et
867 2414 1073 2496 compositus
1099 2416 1281 2498 respondit.

281 2515 433 2586 Primum
449 2535 527 2597 quae
543 2521 620 2597 post
633 2513 809 2583 meridiem
825 2521 1012 2582 evenerant
1027 2516 1191 2598 narravit,
1203 2515 1281 2584 dein

280 2616 322 2685 ad
337 2622 485 2685 eventus
499 2614 712 2697 vespertinos
727 2613 934 2682 evolvendos
949 2614 1109 2696 perrexit.

362 2731 498 2800 “Herus
512 2731 660 2799 Vantine
674 2751 807 2800 coenam
819 2729 911 2798 domi
926 2730 1080 2812 sumpsit,
1096 2730 1143 2798 mi
1159 2729 1281 2812 Here,''

280 2838 396 2901 narrat
412 2830 528 2899 Parks.
544 2829 600 2900 “Si
615 2837 707 2900 recte
722 2829 870 2909 memini,
895 2828 1095 2911 dapinatum
1121 2837 1174 2900 est
1198 2830 1282 2900 hora

279 2932 431 3016 septima.
469 2930 596 2999 Finivit
616 2932 730 3014 paullo
755 2937 832 3013 post
855 2930 974 2998 horam
1000 2931 1179 3012 septimam
1201 2953 1280 3000 cum

280 3032 425 3101 dimidio.
449 3032 523 3113 Ego
538 3053 617 3100 eum
632 3053 701 3099 non
717 3030 797 3112 vidi,
814 3029 974 3113 quoniam
990 3030 1025 3098 in
1040 3030 1193 3100 cubiculo
1208 3031 1281 3100 eius

279 3154 371 3202 eram
387 3139 572 3214 occupatus
587 3153 642 3200 res
657 3131 779 3212 varias,
801 3130 853 3199 uti
878 3137 913 3198 et
935 3137 1050 3199 vestes
1075 3131 1149 3199 eius
1172 3130 1281 3213 dispo-

278 3233 399 3302 nendo.
422 3232 486 3302 Sed
503 3232 574 3314 ipse
589 3231 729 3301 iubebat
745 3231 876 3313 Rogers
890 3231 952 3274 -’'

362 3349 476 3419 “Nihil
492 3349 535 3418 ad
550 3357 585 3418 te
601 3349 682 3431 quid
709 3349 780 3431 ipse
804 3348 935 3430 Rogers
959 3348 1136 3430 iusserat‚”
1163 3348 1280 3418 incidit

281 3451 404 3532 Grady.
427 3449 487 3518 “ld
503 3456 638 3518 tantum
654 3471 756 3518 narra
771 3448 863 3531 quod
879 3455 918 3516 tu
934 3448 1029 3517 scis.'’

362 3567 495 3637 “Etiam
511 3567 607 3648 bene,
623 3567 669 3635 mi
685 3567 806 3647 Here,'’
823 3566 930 3634 refert
956 3565 1064 3634 Parks
1090 3574 1278 3635 mansuete.

280 3668 452 3752 “Copiosis
467 3667 643 3736 detinebar
657 3667 799 3750 agendis
814 3702 854 3710 —
869 3665 970 3748 quod,
986 3673 1027 3734 ut
1042 3666 1115 3747 scis,
1142 3665 1213 3734 heri
1236 3688 1278 3735 ex

280 3770 415 3852 Europa
430 3767 616 3836 redivimus
630 3804 672 3811 ·—
686 3768 802 3850 itaque
817 3765 1046 3849 prosequebar
1060 3788 1145 3848 opus
1160 3787 1215 3835 res
1228 3789 1280 3836 re·

279 3867 453 3949 condendi,
484 3875 520 3937 et
534 3889 681 3950 quaeque
704 3867 747 3937 ad
772 3889 835 3936 sua
857 3867 929 3935 loca
944 3865 1152 3948 disponendi,
1172 3865 1278 3936 donec

278 3970 344 4039 iam
372 3976 530 4038 octavam
558 3989 636 4036 eum
667 3967 804 4036 dimidio
833 3965 1050 4049 praterivisse
1087 3966 1276 4048 oportebat,

277 4091 385 4154 quum
401 4069 531 4150 Rogers
546 4089 600 4136 me
616 4074 795 4136 vocantem
810 4066 937 4136 audivi.
969 4065 1116 4134 Domum
1132 4064 1276 4148 flagrare
