3128 5016
537 789 939 844 ooomsrsxrsnmrus
1179 768 1242 839 129

277 946 283 957 ⁶
317 958 478 1041 “Vesperi
494 958 684 1039 bestemo,’'
709 958 859 1040 inquam,
882 956 1067 1025 verborum
1093 955 1170 1024 eius
1191 973 1241 1021 re·

232 1059 401 1140 cordatus,
417 1058 662 1127 “admiratione
677 1058 767 1126 illius
781 1058 915 1139 ductus,
931 1065 1109 1139 tamquam
1133 1053 1240 1124 maxi-

232 1182 327 1228 mum
343 1166 537 1228 nostrorum
552 1166 744 1242 temporum
760 1159 1013 1227 malefactorem
1023 1179 1102 1226 eum
1111 1177 1235 1225 memo

234 1259 384 1328 ravisti.”

315 1358 504 1442 “Equidem
519 1381 588 1428 non
603 1360 779 1442 diffiteor,”
795 1361 843 1429 ait
858 1360 1010 1441 Godirey
1024 1360 1059 1427 in
1075 1380 1129 1427 me
1146 1359 1233 1426 reni-

232 1460 324 1540 dens,
336 1459 429 1528 “rem
443 1460 554 1541 paullo
564 1461 640 1542 plus
651 1461 739 1530 iusto
755 1483 978 1542 exaggerasse
990 1460 1072 1528 mihi
1082 1458 1234 1541 contigit.

235 1564 322 1644 Quid
339 1564 367 1632 si
382 1586 462 1633 eum
477 1587 586 1633 unum
602 1562 744 1632 dixerim
759 1562 984 1630 maximorum
1010 1597 1051 1604 -
1076 1567 1168 1628 certe
1183 1580 1234 1627 sa·

231 1664 276 1732 tis
289 1685 454 1745 magnum
470 1665 528 1746 qui
537 1686 608 1745 nos,
617 1663 681 1732 nisi
696 1662 879 1730 admodum
895 1683 1085 1742 caveamus,
1096 1660 1237 1728 circum-

234 1764 352 1833 venire
368 1765 482 1846 possit.
506 1764 646 1833 Interim
662 1764 854 1832 consultum
869 1762 956 1831 duco
970 1760 1162 1830 Simmonds
1172 1781 1233 1843 per

234 1865 394 1932 nuntium
410 1887 541 1946 rogare,
563 1873 602 1933 ut
627 1864 669 1932 ad
695 1863 950 1932 custodiendam
976 1863 1115 1931 domum
1139 1861 1235 1930 binos

234 1965 413 2033 submittat
429 1965 571 2034 lictores.
595 1966 656 2033 His
670 1965 764 2045 foris,
791 1965 898 2032 Parks
921 1970 1038 2032 autem
1061 1962 1164 2043 intus,
1186 1961 1234 2031 vi-

234 2065 419 2147 gilantibus
435 2088 489 2134 res
503 2066 586 2134 satis
601 2072 687 2134 tutae
700 2064 885 2134 existimari
901 2064 1093 2146 poterunt.'’

318 2164 392 2233 “lta
408 2173 442 2234 et
459 2165 540 2233 mibi
556 2165 723 2246 videtur,”
746 2164 912 2247 respondi.
946 2164 1098 2232 “Horum
1122 2162 1234 2246 praesi-

233 2265 288 2333 dio
303 2272 414 2333 totum
430 2266 618 2334 exercitum
635 2267 794 2347 repellere
810 2287 929 2347 parare
954 2263 1130 2332 videberis.
1161 2263 1231 2332 Cae·

233 2371 345 2432 terum
372 2365 448 2446 quis
473 2365 611 2433 tandem
635 2366 698 2433 iste
725 2365 942 2446 hirquitallio¹
967 2371 1029 2444 est,
1060 2363 1233 2444 Godfrey?

233 2463 322 2532 Nam
339 2471 378 2532 tu
393 2487 473 2533 eum
488 2465 673 2533 formidare
688 2465 844 2533 videris.''

317 2579 456 2650 “Timeo
471 2604 550 2650 eum
566 2583 730 2664 profecto,
746 2583 772 2650 si
789 2582 842 2650 ille
857 2583 885 2650 is
899 2583 943 2650 sit
957 2603 1059 2663 quem
1084 2603 1156 2649 esse
1180 2602 1232 2649 ar·

234 2681 395 2750 bitror-
411 2682 502 2763 quod
519 2683 656 2764 quidem
670 2683 771 2751 modo
787 2705 880 2751 mera
894 2690 946 2751 est
961 2682 1145 2751 hariolatio.
1169 2681 1234 2750 Ex·

233 2790 348 2864 specta
364 2790 480 2851 tamen
507 2783 596 2851 diem
621 2805 731 2852 unum
757 2784 811 2852 vel
835 2784 989 2852 alterum.
1026 2783 1127 2851 Nunc
1150 2781 1233 2851 Sim·

234 2881 354 2950 monds
369 2883 548 2951 evocabo.''

317 2999 407 3067 Dum
422 2999 475 3068 bic
491 2999 533 3068 ad
549 3000 768 3082 telepbonum
784 3001 929 3081 secessit,
945 3023 1010 3083 ego
1026 3001 1149 3070 iterum
1175 3023 1233 3070 an-

233 3105 269 3167 te
283 3121 395 3167 arcam
411 3101 686 3181 speculabundus
699 3101 844 3181 consedi,
860 3123 1004 3184 eamque
1018 3109 1160 3184 stupens
1175 3102 1235 3170 mi·

235 3198 344 3268 rabar.
382 3201 547 3279 Quaenam
582 3201 711 3269 insidiae
734 3202 800 3269 illae
823 3209 930 3282 erant,
956 3201 1145 3271 meditabar
1166 3223 1234 3271 me-

233 3320 322 3379 cum,
338 3320 416 3380 quae
431 3300 518 3368 circa
533 3300 621 3369 hanc
636 3323 749 3369 arcam
765 3301 872 3369 veluti
887 3308 1052 3383 centrum,
1075 3302 1234 3371 texeban-

234 3398 317 3468 tur?
340 3399 504 3478 Quisnam
520 3401 574 3469 ille
589 3408 664 3469 erat
679 3424 781 3483 quem
803 3402 955 3485 Godfrey
980 3410 1051 3471 tam
1075 3403 1235 3472 formido

231 3499 341 3568 losum
357 3499 419 3568 sibi
441 3499 615 3582 lingebat?
636 3501 785 3570 Curnam
808 3502 862 3570 ille
889 3502 1037 3572 Vantine
1060 3503 1233 3572 victimam

232 3599 294 3668 sibi
310 3599 453 3681 selegit?

314 3699 465 3782 Godfrey
480 3700 610 3769 interea
625 3701 708 3769 dum
723 3724 787 3784 ego
802 3702 837 3770 in
861 3703 913 3771 bis
936 3725 1138 3773 arcanorum
1161 3725 1231 3773 am·

232 3798 377 3881 bagibus
392 3800 625 3882 coecutiebam,
642 3803 794 3870 revertit.

338 4003 360 4052 1.
379 3999 584 4066 Hirquitollio,
602 4002 671 4063 -m'a,
687 4003 744 4054 sive
758 4000 930 4065 bircitollio,
946 4004 1053 4056 iuvenis
1066 4003 1166 4065 hircus,
1179 4004 1235 4058 boe-

232 4083 290 4145 dus,
304 4083 437 4144 boedulus,
451 4084 578 4150 ephebus,
592 4087 747 4146 catulaster,
756 4087 913 4140 adolescens
922 4087 1082 4140 virilitatem
1091 4088 1233 4145 affectans.
