3128 5016
573 1769 723 1840 CAPUT
744 1769 824 1840 VIII

617 1955 777 2025 Cautolae.

280 2138 336 2207 ΑΤ
357 2154 432 2207 NON
453 2137 629 2220 apoplexia
645 2159 724 2206 eum
739 2138 932 2220 prostravit.
959 2137 1077 2220 Parks,
1092 2161 1200 2222 quum

195 2259 305 2320 pauca
319 2245 492 2306 momenta
507 2244 583 2320 post
598 2259 677 2306 cum
702 2237 823 2320 poculo
838 2258 938 2320 aquae
963 2237 1143 2321 phialaque
1165 2240 1201 2310 in

196 2339 306 2408 altera
320 2360 425 2407 manu
442 2359 585 2420 propere
601 2359 760 2406 reversus
774 2344 859 2420 erat,
874 2360 937 2407 nos
952 2337 986 2407 id
1001 2338 1126 2408 docuit.

281 2435 457 2520 “Impetus
471 2437 506 2505 hi
521 2459 589 2506 non
606 2445 688 2506 sunt
709 2437 755 2506 illi
781 2437 937 2519 insueti,”
962 2437 1082 2521 inquit.
1120 2438 1202 2510 “Est

196 2537 263 2606 ista
278 2559 332 2606 res
346 2559 457 2620 genus
471 2536 658 2620 vertiginis.
692 2537 811 2607 Praebe
825 2537 872 2607 illi
886 2558 1012 2620 paucas
1026 2545 1145 2621 guttas
1158 2561 1201 2609 ex

197 2637 293 2706 hoe‘ss

281 2737 366 2806 Dein
382 2742 554 2807 exturata¹
570 2737 692 2821 phiala,
708 2759 784 2807 earn
800 2736 953 2820 Godfrey
976 2739 1136 2821 porrexit.
1171 2739 1201 2810 Ε

197 2837 381 2920 vaporibus
396 2837 485 2907 sensi
500 2859 576 2906 earn
592 2860 664 2906 rem
680 2837 826 2921 speciem
840 2837 1020 2908 ammoniae
1034 2860 1117 2908 esse.
1130 2839 1202 2909 Mo·

197 2946 313 3006 mento
327 2945 403 3020 post
419 2938 558 3021 Rogers
573 2938 670 3021 quasi
685 2959 819 3021 spasmo
833 2936 998 3021 laborans,
1013 2960 1134 3008 auram
1148 2961 1202 3010 ca·

181 3045 294 3120 ptare
309 3037 421 3121 coepit.

280 3136 380 3206 “Mox
395 3138 478 3207 satis
492 3138 651 3220 valebit,'’
666 3144 783 3207 monet
794 3137 902 3207 Parks
914 3137 1041 3220 optima
1050 3160 1199 3221 sperans.

196 3236 347 3306 “Tamen
377 3260 457 3308 eum
487 3245 558 3307 tarn
588 3238 675 3308 male
699 3260 734 3307 se
759 3237 884 3307 habere
906 3260 1083 3321 nunquam
1098 3245 1200 3308 antea

197 3337 297 3407 vidi.''

281 3438 403 3508 “Haud
430 3461 568 3522 aequum
592 3446 644 3508 est
660 3437 789 3508 eumin
816 3445 988 3508 constrato
1014 3437 1199 3521 linquere‚”

198 3547 313 3607 monet
329 3539 492 3622 Godfrey.

282 3639 364 3708 “Est
380 3640 461 3708 sella
475 3639 666 3722 pulvinata²
680 3639 715 3708 in
728 3637 879 3708 conclavi
894 3637 1104 3718 musicario,”
1121 3659 1200 3720 sug·

299 3841 321 3890 1.
339 3840 448 3904 Aperta,
462 3839 558 3891 subere
571 3845 702 3891 extracto.

297 3926 321 3976 2.
340 3924 413 3976 Sella
425 3939 487 3975 cum
499 3921 634 3989 pulvillo,
651 3929 699 3974 aut
710 3920 879 3989 pulvinari·
897 3922 945 3974 ille
956 3921 1017 3973 tolli
1030 3926 1127 3986 potest,
1148 3920 1200 3973 hoc

203 4024 258 4059 non
273 4014 378 4073 potest;
395 4013 543 4073 utrumque
556 4023 644 4072 genus
656 4010 724 4067 sete,
737 4006 780 4059 vel
793 4007 848 4060 alio
862 4011 984 4059 tomento
1003 4005 1145 4059 efferetum
1160 4011 1203 4060 est

197 4091 230 4145 od
244 4091 364 4146 molliter
375 4092 532 4147 sedendum.
