3128 5016
455 800 648 855 cnocnnnn
671 800 853 854 nrrroounr
876 801 1015 855 somam
1180 782 1244 853 317

320 966 451 1037 “Hodie
466 973 565 1038 octo.l
581 969 664 1038 Cras
679 969 795 1039 Havre
811 971 990 1053 appellet.”

324 1067 648 1139 “Annuntiavistine
664 1070 726 1140 illis
740 1070 777 1140 ?’'

321 1168 513 1249 “Quidnam
523 1170 575 1239 vis
589 1192 644 1239 me
659 1171 880 1240 annuntiasse
896 1172 931 1241 ‘t”

322 1268 512 1339 “Crochard
526 1269 726 1339 adamantes
741 1271 907 1341 insectari.
924 1270 995 1340 Hos
1015 1291 1076 1353 per
1091 1273 1145 1339 Lo
1160 1272 1245 1339 Bre-

238 1377 340 1452 capno
354 1376 470 1438 vectos
486 1391 558 1439 esse
573 1371 762 1440 verosimile
778 1371 954 1440 arbitror.'’

322 1485 396 1555 “lta
407 1508 488 1555 sane
503 1523 544 1531 -
560 1495 595 1556 et
610 1487 711 1570 Pigot
722 1495 843 1557 vectus
868 1495 920 1557 est
934 1509 1014 1557 cum
1028 1487 1070 1557 iis
1084 1490 1162 1557 una
1178 1486 1247 1556 Cur

238 1609 320 1668 ergo
335 1609 393 1656 eos
408 1587 582 1657 moneam?
604 1588 671 1669 Ipsi
695 1595 786 1657 certe
801 1589 913 1658 sciunt
926 1588 1096 1657 Crochard
1107 1587 1150 1657 ad
1163 1588 1248 1670 poti·

239 1686 371 1755 undum
401 1687 441 1755 iis
462 1687 700 1756 adamantibus
730 1688 915 1757 enisurum.
943 1687 981 1757 ld
996 1693 1130 1756 tentare
1152 1686 1245 1769 apud

241 1808 321 1855 eum
337 1788 411 1856 fere
427 1787 573 1856 officium
589 1787 726 1856 honoris
741 1796 803 1869 est,
819 1810 873 1857 me
888 1788 1008 1856 iudice.
1020 1788 1148 1856 Eorum
1163 1808 1246 1870 ergo

241 1896 292 1956 est
307 1889 459 1956 cavere.”

325 2003 489 2073 “Nechoc
499 2005 599 2074 nimis
615 2006 762 2074 arduum
778 2006 886 2075 videri
895 2006 1065 2088 deberet‚”
1077 2013 1158 2074 noto
1173 2026 1247 2088 ego,

241 2103 464 2172 “Cubiculum
480 2105 571 2173 enim
588 2107 679 2174 forte
694 2106 792 2175 navis
805 2106 965 2176 vectoriae
980 2107 1073 2175 locus
1098 2105 1133 2174 in
1155 2099 1251 2174 omni

240 2204 320 2273 orbe
336 2204 482 2273 maxime
498 2227 637 2274 securus
652 2206 829 2275 habendus
844 2207 927 2275 est.''

325 2304 398 2372 “lta
413 2313 448 2373 et
464 2306 545 2373 mihi
557 2307 724 2388 videtur,'’
735 2307 856 2389 probat
871 2306 1032 2389 Godfrey,
1044 2307 1142 2375 fumo
1154 2305 1238 2375 emis

242 2426 278 2473 so
293 2405 440 2486 gyranti.

328 2506 428 2574 Brevi
445 2513 521 2588 post
536 2507 607 2588 ipse
623 2508 694 2576 sine
710 2508 926 2576 ulterioribus
938 2507 1052 2577 verbis
1072 2528 1093 2576 a
1114 2528 1169 2576 me
1184 2506 1250 2575 dis·

242 2607 351 2674 cessit.

327 2706 571 2775 Verumtamen
584 2730 652 2789 quo
667 2709 859 2776 accuratius
876 2708 965 2776 dicta
985 2707 1240 2790 perpenderam,

243 2827 282 2874 eo
298 2807 421 2874 clarius
436 2807 623 2888 perspicere
639 2808 760 2889 coepie
784 2815 912 2876 retorto
936 2830 1018 2876 sono
1042 2807 1147 2876 verba
1168 2807 1242 2876 eius

243 2928 310 2974 non
327 2907 411 2975 adeo
428 2929 625 2988 responsum
642 2930 745 2989 quam
762 2908 985 2990 quaestionem
1001 2909 1117 2977 fuisse.

327 3024 565 3106 Quumitaque
576 3025 734 3106 postridie
744 3025 905 3094 diurnum
914 3047 1028 3094 meum
1038 3026 1243 3106 evolveram,

244 3123 373 3191 litteras
381 3123 530 3192 unciales
539 3125 785 3205 quodammodo
796 3147 849 3193 me
860 3132 1120 3207 conspecturum
1130 3146 1245 3207 exspe-

243 3223 343 3303 ctavi,
359 3223 484 3304 quibus
495 3245 583 3291 nova
593 3225 774 3306 perfractae
796 3225 948 3293 casteriae
969 3225 1069 3292 fortis
1087 3228 1141 3293 La
1160 3227 1246 3293 Bre-

246 3331 347 3403 tuone
358 3323 610 3392 nuntiarentur.
629 3325 801 3392 Eiusmodi
813 3332 927 3393 tamen
939 3325 1112 3406 inscriptio
1123 3323 1246 3405 abfuit,

245 3423 335 3490 unde
366 3424 509 3505 suspirio
530 3424 652 3504 partim
681 3424 808 3504 gaudii,
831 3425 954 3506 partim
984 3423 1246 3507 exspectationis

245 3523 431 3603 frustratae,
447 3523 489 3591 ad
506 3531 629 3592 caetera
645 3546 734 3592 nova
749 3545 803 3592 me
819 3524 981 3592 converti.

346 3777 368 3825 l.
387 3772 480 3825 Hodie
493 3778 563 3835 octo,
581 3775 732 3827 Latinitate
750 3774 875 3841 sequiori,
889 3775 915 3826 h.
933 3791 956 3827 e.
974 3775 1026 3827 aevi
1041 3774 1200 3831 Christiani.
1213 3791 1247 3828 ex

247 3871 302 3919 quo
315 3858 469 3909 calendario
483 3859 640 3910 Christiano
652 3860 762 3919 utimur,
775 3856 905 3909 exhodio
919 3861 981 3910 octo
990 3858 1097 3924 phrasis
1109 3874 1159 3910 usu
1173 3860 1250 3912 venit

248 3942 280 3992 ad
292 3941 472 4005 septimanam
483 3949 640 4006 sequentem
652 3942 833 4001 indicandam,
843 3958 898 3999 seu.
909 3941 1019 4001 rectius,
1027 3942 1161 3994 octodies.
1168 3942 1254 3995 Phra·

249 4026 286 4075 sis
300 4025 391 4089 itaquo
406 4025 544 4089 significat
558 4029 618 4075 octo
636 4024 737 4077 dicbus
749 4041 768 4076 α
780 4023 827 4077 dic
846 4023 996 4078 hodierno.
1018 4025 1147 4077 Vicissim
1166 4022 1250 4079 hodic

249 4111 319 4170 octo,
337 4108 431 4161 dicbus
443 4114 505 4160 octo
519 4113 587 4160 unte
602 4109 761 4162 hodiernum
776 4109 857 4162 diem.
