3128 5016
646 1660 797 1732 CAPUT
818 1660 913 1731 XXV

518 1848 738 1918 adamantes
752 1846 1029 1917 Miabuelovitcb.

363 2031 488 2101 liunus
508 2047 614 2102 moon
637 2032 807 2113 collectus,
831 2029 1039 2114 minimeque
1063 2029 1228 2101 turbatus
1247 2028 1285 2101 in

279 2153 341 2201 nos
367 2130 526 2201 renidens
551 2153 692 2202 manum
718 2131 899 2212 sublatam,
923 2151 967 2199 ne
988 2129 1129 2201 minime
1141 2129 1284 2215 quid

279 2231 462 2300 tremulam
478 2231 574 2301 nobis
589 2231 785 2301 ostentabat
801 2266 841 2275 -
867 2252 1009 2301 manum
1034 2230 1286 2311 manutiatam;

279 2330 315 2401 in
330 2352 451 2400 aversa
466 2338 563 2414 parte
575 2332 673 2401 cuius
683 2331 796 2401 loricae
806 2331 968 2414 parvulas
977 2336 1167 2414 puncturas
1177 2329 1287 2400 anim·

278 2431 421 2500 adverti.
444 2431 483 2500 In
499 2453 634 2514 quoque
650 2431 835 2500 scrobiculo
849 2436 962 2513 guttae
981 2428 1189 2500 videbantur
1209 2428 1287 2501 nti·

280 2531 340 2601 cis¹
356 2531 451 2600 rubri
467 2567 507 2575 —
522 2531 710 2613 sanguineo
733 2530 837 2611 rubri,
852 2538 894 2599 ut
907 2529 979 2614 ipse
993 2529 1218 2601 admiratione
1232 2550 1287 2601 oa·

281 2638 362 2714 ptus
377 2631 549 2714 oculisque
565 2631 684 2700 defixis
699 2631 781 2699 mihi
803 2629 1065 2713 interpretabar.
1100 2628 1147 2700 Et
1175 2650 1287 2714 quan·

281 2737 318 2799 ta
333 2730 436 2800 huius
450 2731 596 2800 hominis
611 2731 779 2801 fortitudo
801 2738 836 2799 et
859 2730 1050 2800 constantia
1064 2728 1137 2800 est!
1172 2730 1213 2800 In
1227 2752 1287 2801 ve·

281 2831 335 2900 nis
349 2831 433 2899 mels
448 2852 519 2914 prae
533 2831 756 2900 admiratione
771 2830 874 2900 huius
894 2829 1040 2900 hominis
1065 2829 1207 2913 sanguia
1232 2851 1287 2902 ua·

280 2932 404 3001 lescere
419 2931 532 3014 coepit.

354 3045 483 3116 “Latex
492 3047 565 3129 iste,
574 3047 703 3128 amici‚”
713 3047 803 3116 molli
812 3068 966 3116 suavoce
977 3044 1287 3129 fatur,“venenum

283 3147 488 3216 dirissimum
504 3156 566 3228 est,
583 3147 673 3228 quod
690 3147 734 3216 ab
757 3146 952 3216 hominibus
977 3166 1130 3229 unquam
1145 3145 1190 3216 sit
1204 3168 1285 3218 con·

281 3254 425 3316 coctum.
439 3246 593 3317 Guttulae
608 3247 663 3315 hae
677 3247 757 3315 duae
772 3247 910 3316 vicenos
922 3246 1075 3315 homines
1090 3245 1289 3329 perimeret,

282 3354 317 3416 et
333 3347 403 3415 ictu
419 3346 556 3429 quidem
572 3346 670 3415 oculi.
693 3347 785 3415 Odor
800 3345 874 3415 eius
888 3345 1029 3429 originis
1042 3344 1145 3416 index
1159 3346 1287 3416 ὥθ’·-

282 3468 321 3516 ac
337 3468 457 3515 revera
471 3454 545 3515 tota
559 3468 644 3515 aura
659 3446 840 3529 amygdala
854 3467 971 3515 amara
986 3444 1215 3516 redolebat-
1229 3444 1289 3517 “at

281 3567 454 3615 venenum
482 3568 662 3615 commune
688 3545 767 3615 inde
790 3545 971 3615 obtentum
993 3551 1047 3615 est
1061 3544 1171 3615 veluti
1191 3544 1289 3629 nihil,

282 3646 362 3716 huic
376 3654 622 3729 comparatum.
640 3646 735 3715 Istud
762 3667 933 3714 venenum
957 3667 978 3715 a
1002 3644 1112 3729 Remy
1138 3644 1290 3729 quodam

384 3884 408 3935 1.
426 3881 526 3943 Lutea,
545 3880 622 3943 -deia,
638 3898 686 3941 m,
699 3881 786 3947 poetis
802 3895 922 3947 aquam,
937 3879 1077 3933 ueletiam
1100 3878 1156 3933 elin
1180 3878 1290 3945 liqut&

283 3964 510 4031 significatalias
524 3964 596 4017 idem
610 3970 787 4027 sonatatque
800 3961 906 4031 liquor,
935 3960 1092 4030 liquidum.
1119 3960 1291 4033 qulbumo

281 4055 341 4118 pter
354 4049 496 4115 vulgarem
510 4064 621 4101 sensum
636 4048 768 4101 utendum
782 4063 837 4100 non
859 4047 987 4103 iudicavi.
