3128 5016
285 760 349 830 176
541 775 754 829 mmm!
775 774 883 828 anca
904 767 1024 829 poma

279 945 388 1027 primo
403 966 471 1026 quo
487 954 630 1025 poterat,
645 944 679 1010 in
695 943 807 1024 Osage
828 943 905 1024 city
927 943 1102 1025 profectus
1126 954 1188 1010 est.
1227 942 1280 1011 Ne

278 1045 386 1113 funus
400 1043 537 1126 quidem
552 1043 818 1125 exspectandum
833 1043 976 1111 censuit.

364 1194 477 1274 Pauci,
493 1194 656 1276 profecto,
672 1193 859 1262 molestiam
875 1193 909 1261 in
925 1194 1048 1262 funere
1059 1193 1281 1276 participandi

281 1293 497 1362 subeundum
527 1302 744 1361 censuerunt
778 1293 933 1361 Fuerunt
955 1293 1045 1362 inter
1067 1293 1130 1362 hos
1151 1292 1281 1375 aliquot

279 1393 418 1462 familiae
442 1392 634 1473 iunctiores,
657 1394 760 1475 aliqui
785 1394 876 1461 vices
898 1393 1017 1474 musei,
1045 1393 1281 1461 institutorum

280 1492 512 1562 beneficentia
526 1493 697 1574 quondam
713 1516 735 1561 a
749 1493 898 1562 Vantine
919 1493 1114 1562 adiutorum
1129 1500 1283 1575 agentes,

280 1593 383 1675 aliqui
399 1592 496 1661 amici
512 1602 547 1660 et
562 1593 749 1673 necessarii,
765 1615 827 1661 nec
843 1592 965 1675 plures
983 1593 1033 1661 Ex
1047 1615 1173 1674 magno
1183 1614 1283 1661 mun·

280 1692 463 1762 dithoatro
488 1693 537 1761 ita
561 1693 703 1760 excessit
730 1701 764 1761 et
790 1692 924 1773 excidit,
945 1701 986 1762 ut
1001 1693 1056 1761 vel
1071 1691 1282 1775 superficiem

279 1814 389 1876 aquae,
405 1800 445 1862 ut
460 1793 508 1861 ita
523 1792 642 1874 dicam,
657 1792 827 1861 lenissima
841 1793 971 1861 undula
985 1795 1154 1873 succussa,
1165 1792 1284 1861 turba·

281 1915 318 1962 re
333 1893 525 1973 videretur;
540 1915 560 1961 e
575 1893 707 1961 cunctis
721 1892 783 1962 sibi
798 1893 932 1974 iunctis,
947 1892 1058 1961 dicere
1068 1914 1136 1961 non
1151 1891 1282 1974 dubito,

280 1992 386 2062 fidum
403 1992 510 2061 Parks
524 1993 701 2074 aegerrime
716 1993 791 2062 eius
805 2000 950 2061 mortem
966 1993 1128 2061 laturum.
1161 1992 1281 2061 Vanti-

281 2115 324 2162 ne
339 2093 440 2173 enim,
456 2093 603 2174 quodam
619 2115 731 2173 sensu,
758 2092 858 2161 homo
882 2093 951 2161 fuit
974 2091 1161 2172 solitarius;
1182 2093 1283 2174 pauci

281 2193 314 2260 in
332 2193 448 2262 Platea
460 2192 675 2261 ambulantes
689 2201 777 2261 nutu
801 2193 901 2261 toties
922 2214 1129 2275 quemquam
1155 2191 1282 2261 saluta·

282 2300 374 2372 runt,
391 2300 504 2360 tamen
520 2291 612 2360 haud
629 2292 727 2360 multi
743 2301 824 2360 sunt
840 2292 941 2360 toties
962 2291 1022 2360 soli
1044 2291 1175 2375 pransi;
1207 2299 1281 2360 tan·

282 2399 356 2461 tum
372 2392 462 2460 enim
479 2391 512 2459 in
528 2413 568 2459 eo
584 2391 652 2459 luit
678 2391 902 2472 abstinentia,
928 2399 969 2460 ut
994 2391 1176 2460 amicitiam
1199 2412 1279 2460 cum

281 2514 322 2562 eo
336 2493 490 2561 intimam
506 2492 711 2560 verecundia
726 2492 923 2561 deterreret
950 2492 988 2560 ln
1004 2513 1148 2572 summa,
1163 2491 1283 2560 Vanti·

281 2614 325 2660 ne
340 2592 440 2659 homo
456 2591 534 2671 luit,
550 2599 589 2660 ut
605 2591 656 2660 sui
673 2591 797 2659 similes
811 2591 921 2673 multi,
936 2591 994 2674 qui
1011 2590 1174 2674 plurimos
1184 2590 1219 2659 in
1234 2599 1286 2660 to-

282 2699 318 2760 to
333 2691 413 2760 orbe
429 2699 626 2760 numerarat
642 2699 750 2772 notos,
765 2691 891 2760 amicos
905 2713 1084 2774 nusquam.

366 2840 414 2908 Ea
429 2848 527 2908 nocte
543 2839 632 2908 domi
648 2862 734 2908 meae
749 2839 870 2909 sedens
884 2840 957 2909 haec
972 2862 1106 2909 mecum
1128 2840 1280 2922 aliquan·

282 2947 356 3009 tum
373 2940 593 3008 contristatus
608 2939 819 3021 reputabam,
834 2962 896 3008 nec
912 2940 983 3008 sine
1009 2939 1225 3022 inquisitione
1246 2940 1281 3009 in

282 3040 454 3122 proprium
471 3039 575 3121 ipsius
590 3040 654 3107 mei
671 3039 704 3107 in
720 3039 858 3120 mundo,
874 3039 1109 3122 societatisque
1124 3039 1285 3110 humanae

282 3139 391 3208 locum
408 3147 511 3221 atque
526 3147 665 3207 statum.
689 3139 810 3208 Procul
826 3139 929 3208 dubio
952 3138 1104 3222 plerique
1126 3147 1283 3209 nostrum

282 3239 373 3308 haud
390 3260 510 3321 pamm
527 3239 772 3307 contristantur
787 3261 895 3321 quum
916 3239 1104 3322 perspicere
1118 3238 1285 3322 incipiunt

282 3361 385 3422 quam
412 3338 525 3421 exigui
552 3338 619 3407 sint
650 3339 683 3406 in
711 3339 839 3408 mundo
864 3339 1036 3408 momenti.
1059 3339 1200 3408 Plurimi
1224 3361 1285 3409 no·

282 3446 401 3519 strum,
418 3438 444 3507 si
461 3438 619 3521 postridie
635 3461 707 3507 suae
732 3438 918 3521 sepulturae
943 3439 1032 3508 inter
1057 3439 1155 3509 vivos
1175 3439 1285 3510 redire

283 3547 429 3621 possent,
460 3538 531 3606 sine
562 3537 773 3606 dubitatione
796 3539 889 3608 haud
919 3561 1040 3622 parum
1066 3539 1284 3609 cohorrerent

282 3659 389 3722 quum
407 3637 633 3720 perspicerent
655 3660 757 3720 quarn
785 3638 862 3707 laete
887 3639 1038 3708 mundus
1061 3660 1170 3722 usque
1194 3646 1283 3709 sata·

282 3737 394 3819 qcndo
418 3737 588 3806 cursaret!
610 3736 684 3807 Scio
714 3738 803 3806 enirn
834 3738 1002 3807 mundum
1026 3760 1080 3807 me
1104 3739 1283 3809 evanuisse

283 3837 374 3906 haud
391 3837 468 3919 plus
483 3844 723 3918 percepturum
745 3859 848 3919 quam
877 3837 1025 3907 Vantine
1051 3845 1160 3908 morte
1175 3838 1284 3908 extin-

281 3946 386 4007 ctum.
409 3936 577 4017 Cogitatio
604 3936 676 4004 haec
700 3937 779 4005 mihi
806 3937 898 4006 haud
919 3945 1019 4019 grata
1034 3937 1112 4019 fuit,
1128 3937 1220 4021 quod
1242 3960 1284 4008 ea

279 4037 392 4121 aliquo
407 4036 544 4105 defectu
561 4036 711 4106 laborare
727 4059 781 4106 me
797 4037 961 4121 coarguit.
