3128 5016
708 751 857 807 sunnon
1245 737 1288 806 39

282 919 389 990 videri
406 927 528 1003 potest.
551 919 697 1004 Sanguis
712 923 804 991 enim
821 943 840 990 e
855 942 961 990 manu
976 920 1010 989 in
1027 943 1085 990 cor
1110 921 1287 1003 quaternis

282 1020 462 1103 quinisque
477 1019 618 1090 minutis
633 1021 790 1090 secundis
805 1021 980 1090 recurrit.''

366 1118 433 1190 “At
449 1127 489 1189 tu
503 1120 571 1189 iam
586 1120 700 1190 dixisti
714 1143 887 1190 venenum
904 1120 1049 1203 idgenus
1073 1121 1207 1190 nullum
1229 1121 1285 1190 da-

280 1221 319 1302 ri,
335 1220 426 1303 quod
442 1227 514 1289 tam
529 1220 684 1290 celeriter
697 1221 866 1290 necaret.''

367 1319 531 1390 “Nullum
547 1320 644 1390 nobis
659 1328 780 1390 notum
797 1343 870 1390 esse
886 1320 963 1389 dixi.
986 1321 1115 1390 Verum
1132 1343 1200 1389 non
1212 1327 1284 1390 tam

281 1428 374 1490 certo
388 1420 471 1488 mihi
486 1427 621 1490 constat
636 1429 756 1490 utrum
772 1421 966 1490 Catharinae
988 1421 1030 1489 de
1057 1421 1196 1491 Medicis
1216 1443 1285 1490 non

280 1521 417 1591 fuerit.'’

365 1620 557 1705 “Quidnam
573 1621 680 1691 habet
694 1621 879 1691 Catharina
894 1622 936 1691 de
952 1621 1090 1691 Medicis
1104 1643 1285 1692 commune

282 1744 361 1792 cum
377 1743 414 1791 re
430 1722 537 1792 ista?’'

364 1820 478 1891 “Nihil
495 1858 536 1866 -
557 1821 622 1891 nisi
638 1821 729 1905 quod
745 1828 847 1891 antea
863 1822 953 1905 quod
969 1823 1102 1891 factum
1127 1829 1189 1905 est,
1213 1822 1286 1892 fieri

279 1922 403 1993 iterum
419 1922 557 2005 possit,''
580 1923 753 2005 respondit
768 1923 831 1992 ille.
862 1921 1044 2005 “Antiquae
1069 1923 1134 1991 illae
1159 1922 1286 1992 iabulae

281 2022 411 2105 absque
426 2022 530 2092 dubio
554 2023 699 2092 fuerunt
720 2030 952 2105 exaggeratae;
973 2029 1089 2091 tamen
1104 2044 1202 2105 paene
1217 2044 1286 2092 cer·

279 2130 354 2192 tum
369 2128 421 2192 est
437 2122 591 2205 reginam
607 2123 774 2191 Navarrae
789 2123 952 2191 manutiis
977 2122 1156 2192 venenatis
1177 2122 1284 2191 fuisse

279 2223 491 2305 exstinctam,
507 2223 636 2292 Ducem
654 2222 829 2292 Andinum
845 2222 947 2291 odore
970 2244 1065 2304 rosae,
1092 2221 1283 2305 Principem

278 2323 424 2405 denique
440 2323 640 2392 Portianum
656 2323 754 2391 fumo
770 2329 950 2391 venenatae
964 2322 1138 2405 lampadis.
1176 2322 1284 2391 Casus

280 2444 362 2492 vero
377 2423 431 2491 hic
446 2444 666 2505 nequaquam
681 2429 859 2505 tantopere
874 2429 973 2491 extra
988 2444 1104 2492 rerum
1129 2422 1283 2491 ordinem

283 2522 457 2606 putandus
471 2523 554 2591 est.”

363 2620 437 2690 “Sic
452 2621 638 2703 proiecto‚”
655 2622 760 2704 probo
782 2644 846 2705 ego
872 2622 906 2690 in
934 2621 1105 2691 silentium
1132 2623 1284 2704 relapsus

281 2728 447 2800 tremens;
483 2728 535 2790 est
561 2722 652 2790 enim
679 2723 760 2804 quid
785 2722 943 2792 horribile
967 2743 1006 2791 ac
1033 2722 1283 2792 refonnidabile

279 2821 366 2890 circa
381 2819 562 2889 veneficos

363 2919 569 3004 “Denique’'
585 2922 802 3005 prosequitur
817 2922 979 3006 Godfrey,
1004 2921 1077 2992 “est
1099 2922 1133 2991 in
1161 2923 1282 2992 haere

280 3020 370 3104 quod
386 3042 449 3089 nec
464 3043 538 3103 ego,
554 3043 616 3090 nec
632 3028 682 3103 tu,
698 3045 761 3092 nec
775 3023 956 3106 quisquam
981 3022 1121 3092 rationis
1145 3044 1283 3106 compos

279 3120 404 3202 credet,
420 3121 510 3190 hunc
525 3143 647 3205 nempe
675 3122 857 3205 Francum,
884 3124 956 3191 Diis
979 3131 1101 3192 notum
1127 3123 1219 3192 unde
1241 3159 1282 3168 —

279 3221 414 3290 Parisiis
439 3221 585 3291 fortasse
612 3256 652 3268 -
677 3223 777 3291 titulo
801 3223 948 3293 Vantine
975 3223 1126 3304 obtento,
1142 3221 1281 3292 domum

280 3321 354 3391 eius
368 3321 599 3404 exquisivisse,
614 3345 655 3391 eo
671 3323 763 3392 viam
779 3323 942 3406 reperisse
957 3345 998 3393 eo
1012 3323 1082 3391 solo
1093 3323 1231 3392 consilio
1242 3329 1282 3392 ut

280 3422 345 3490 illic
370 3442 443 3490 sese
470 3421 646 3491 occideret.
670 3424 746 3505 lpse
772 3423 864 3492 aliud
880 3423 961 3506 quid
977 3422 1105 3505 negotii
1124 3422 1281 3504 habebat,

281 3528 317 3591 et
330 3521 365 3589 in
380 3542 421 3590 eo
437 3522 653 3604 exsequendo
668 3530 778 3592 morte
793 3530 846 3592 est
860 3523 1036 3592 affectus.”

363 3619 595 3703 “Reperistine
611 3622 687 3705 quis
702 3622 773 3704 ipse
788 3623 936 3693 fuerit?”

363 3720 462 3790 “Non
478 3721 606 3805 reperi;
629 3723 721 3792 nullo
736 3723 772 3791 in
788 3723 972 3792 diversorio
986 3744 1110 3791 nomen
1135 3721 1208 3791 eius
1231 3743 1282 3791 rc·

281 3823 387 3891 latum
402 3827 475 3902 est;
511 3823 627 3891 consul
654 3823 835 3892 Francicus
858 3846 902 3893 ne
928 3822 1034 3891 fando
1059 3822 1197 3904 quidem
1219 3844 1281 3891 un·

281 3943 384 4004 quam
399 3919 441 3990 de
457 3943 498 3990 eo
512 3922 660 4004 audivit;
682 3925 786 3993 nullae
801 3925 980 3993 societates
1001 3922 1172 3991 Francicae
1187 3923 1282 3991 soda-

281 4022 345 4091 lem
359 4042 439 4091 eum
453 4033 661 4104 agnoscunt;
684 4024 718 4093 in
734 4026 889 4094 centuria
911 4023 1072 4092 Francica
1094 4022 1164 4092 fuit
1187 4023 1280 4105 igno
