3128 5016
355 738 397 806 22
620 752 828 807 uvsrrnruu
850 753 957 805 nucu
979 747 1096 805 nourr

354 921 506 1004 Godirey
521 928 625 1004 atque
639 920 830 991 Simmonds
845 956 885 966 -
900 920 1055 990 excusari
1065 927 1264 1003 poteramus
1274 940 1356 1000 quo

354 1021 433 1090 dam
458 1020 572 1090 lethali
597 1021 746 1102 colubro,
770 1021 828 1104 qui
852 1020 1016 1090 memoria
1031 1023 1148 1089 nostra
1162 1026 1254 1088 certe
1269 1040 1356 1086 nun-

354 1143 459 1203 quam
474 1120 672 1190 abolebitur.
695 1120 767 1189 Nos
782 1121 898 1203 itaque
923 1121 1010 1189 alter
1024 1120 1059 1188 in
1074 1121 1221 1189 alterum
1236 1127 1356 1191 contra

354 1221 531 1290 stimulum
548 1221 795 1302 renidebamus,
810 1222 898 1289 alter
911 1222 1058 1290 alterum
1072 1221 1255 1291 intuentes

439 1321 626 1404 “Equidem
641 1343 705 1403 ego
719 1343 870 1403 anguem
885 1320 992 1390 fuisse
1007 1343 1075 1389 non
1091 1323 1242 1404 censeo‚”
1258 1323 1356 1392 fatur

355 1421 517 1504 Godfrey,
532 1422 656 1490 iterum
672 1443 775 1504 supra
791 1422 916 1490 vulnus
930 1421 1120 1490 inclinatus.
1132 1420 1228 1505 “Age
1243 1423 1355 1504 modo,

355 1520 445 1590 Here
461 1522 679 1604 Goldberger,
693 1521 854 1601 olfacta,'’
869 1521 1000 1590 suadet.

438 1622 646 1692 Mortuarius
667 1643 789 1691 nasum
814 1621 953 1703 propius
978 1621 1021 1690 ad
1048 1622 1264 1691 vulneratam
1286 1645 1356 1692 ma·

354 1745 438 1792 num
454 1723 603 1805 applicat
618 1730 652 1791 et
667 1723 818 1791 olfactat.

438 1822 649 1905 “Amygdala
663 1844 779 1891 amara
795 1824 862 1891 olet
871 1822 900 1890 !''
923 1822 1130 1906 pronuntiat.

438 1923 557 2006 “Quod
572 1923 705 1991 acidum
720 1923 937 1992 Borussicum
955 1923 1084 2003 sonat‚”
1110 1922 1356 2005 interpretatur

353 2022 515 2105 Godfrey,
531 2022 618 2091 “non
633 2031 748 2093 autem
763 2023 858 2092 virus
873 2023 1115 2106 anguineum.”
1137 2023 1228 2091 Tum
1243 2023 1356 2106 paullo

354 2124 516 2193 conticuit
542 2123 648 2192 oculis
661 2123 696 2192 in
711 2123 838 2192 vulnus
853 2123 995 2193 tumidae
1008 2144 1132 2192 manus
1145 2122 1273 2192 defixis.
1311 2123 1356 2192 Et

354 2245 416 2292 nos
430 2222 615 2292 luminibus
630 2223 770 2292 deiectis
788 2223 956 2304 stetimus,
981 2245 1043 2292 nec
1068 2222 1189 2291 dubito
1214 2223 1297 2304 quin
1319 2232 1356 2294 et

354 2323 478 2402 caeteri,
495 2331 535 2392 ut
550 2323 621 2405 ipse
636 2345 711 2405 ego,
727 2323 856 2392 animos
882 2322 1133 2402 discruciarent,
1150 2344 1218 2404 quo
1233 2343 1355 2406 nempe

354 2423 455 2492 modo
469 2422 561 2491 viam
577 2444 620 2491 ex
634 2422 687 2491 his
701 2422 904 2504 ambagibus
919 2422 1065 2504 reperire
1077 2429 1223 2504 possent.
1240 2421 1356 2494 “Licet

354 2530 390 2592 et
404 2523 593 2592 coniectare
607 2523 734 2591 vulnus
748 2523 791 2591 ab
807 2522 881 2605 ipso
896 2544 932 2590 se
946 2522 1078 2590 illatum
1093 2522 1197 2602 esse,”
1225 2530 1355 2591 mussat

353 2644 469 2692 secum
485 2622 646 2705 Godirey.

437 2722 646 2805 Goldberger
660 2723 852 2805 opinionem
868 2722 993 2791 derisit.
1005 2720 1083 2791 Sine
1095 2721 1198 2790 dubio
1209 2721 1357 2804 aenigma

354 2823 531 2893 insolubile
546 2844 671 2891 nervos
685 2844 765 2891 suos
780 2821 937 2891 irritavit.

438 2922 560 2991 “Haud
575 2930 627 2991 est
641 2923 745 2991 mon's
757 2921 849 3005 apud
863 2921 1042 3004 plerosque
1063 2922 1273 2991 fuscinulam
1288 2944 1358 2992 ma·

353 3024 414 3093 nui
429 3023 574 3105 propriae
590 3022 740 3105 infigere,
756 3022 870 3104 sicque
885 3021 946 3091 sibi
964 3029 1108 3091 mortem
1119 3022 1358 3104 consciscere‚’'

352 3146 431 3194 cum
447 3123 555 3193 ironia
570 3122 753 3206 respondit.

437 3223 529 3292 “Nec
545 3223 578 3292 id
594 3223 737 3304 assero,”
754 3222 875 3291 blande
891 3223 997 3290 refert
1012 3222 1174 3304 Godfrey,
1190 3221 1357 3304 “arguere

353 3333 469 3393 tamen
486 3324 583 3392 iuvat
597 3345 640 3391 ex
655 3344 732 3391 mea
756 3329 852 3404 parte
881 3343 944 3391 nos
966 3322 1112 3391 necdum
1137 3322 1222 3391 scire
1237 3330 1356 3392 utrum

352 3424 406 3494 bic
421 3424 464 3493 de
480 3423 619 3492 suicidio
634 3431 777 3505 agatur;
800 3423 1018 3505 perspicuum
1049 3429 1163 3490 tamen
1190 3421 1272 3490 mibi
1293 3430 1357 3505 est,

352 3524 516 3607 quidquid
533 3524 587 3603 sit,
600 3544 674 3592 esse
690 3531 814 3605 praeter
836 3522 996 3591 morem.”

437 3623 598 3693 Ludibrio
613 3623 717 3691 etiam
732 3621 895 3691 severiori
924 3622 1101 3705 redarguit
1126 3621 1355 3705 Goldberger:

436 3723 551 3792 “Num
566 3723 657 3792 ullus
684 3722 868 3791 relatorum
896 3724 1031 3792 Record
1054 3743 1207 3805 unquam
1230 3723 1357 3804 reperit

351 3845 469 3892 casum
486 3823 543 3905 qui
558 3846 653 3891 more
668 3830 825 3891 ommoeto
842 3821 999 3891 acciderit
1006 3822 1041 3892 ?’'
1057 3821 1272 3905 quaeritabat.

437 3923 560 3992 Petitio
575 3923 647 3992 haec
661 3922 742 3991 satis
757 3929 832 3991 erat
847 3923 963 4004 gravis
978 3922 1042 3991 sub
1057 3944 1126 4005 qua
1136 3921 1258 3991 licebat
1269 3920 1358 3991 God-

352 4024 429 4106 frey
459 4023 501 4092 ad
532 4023 640 4093 otium
666 4022 896 4105 ingemiscere.
927 4021 1123 4091 Secundum
1149 4021 1356 4092 sententiam
