3128 5016
285 722 327 788 42
546 736 756 790 mrsrmruu
777 736 885 790 ΑΜ
906 729 1024 790 nourr

284 905 410 974 scelera
424 926 492 972 non
509 926 582 973 esse
597 903 723 987 poesin,
739 904 798 974 sed
813 927 909 974 mera
924 911 1001 974 acta
1015 904 1182 975 bellualia.
1205 905 1287 975 For·

289 1013 378 1074 tasse
394 1005 457 1074 hoc
473 1006 534 1049 —”

368 1106 585 1188 Telephonus
600 1128 655 1174 me
671 1106 866 1188 appellavit.

369 1205 515 1286 “Heus'’
532 1206 688 1288 respondi
703 1207 840 1276 sublato
856 1206 1108 1276 auscultatorio.

369 1305 488 1376 “Tune
505 1307 533 1376 is
547 1328 592 1388 es,
609 1306 699 1375 Here
716 1307 873 1376 Lester?’'
896 1307 1020 1389 quaerit
1036 1328 1114 1376 vox.

369 1406 464 1489 “Ego
481 1408 588 1475 sum.'’

367 1506 451 1576 “Hic
467 1507 575 1575 Parlrs
590 1508 673 1589 est,”
690 1507 916 1590 protinusque
941 1507 1031 1576 sensi
1056 1529 1175 1576 vocem
1200 1507 1286 1590 eius,

284 1630 362 1692 quae
377 1609 523 1676 tremula
548 1615 582 1675 et
608 1630 712 1676 rauca
737 1615 811 1676 erat
837 1607 984 1690 quodam
1007 1607 1111 1676 animi
1126 1607 1286 1690 impulsu,

283 1731 337 1779 me
353 1730 421 1777 non
437 1709 627 1790 agnovisse.
665 1707 775 1777 “Here
802 1710 860 1789 mi,
886 1729 1046 1790 possesne
1062 1707 1140 1789 huc,
1166 1708 1201 1776 in
1227 1708 1286 1778 do·

286 1831 392 1890 mum,
408 1809 579 1891 extemplo
601 1808 760 1878 venirel’'

366 1909 560 1990 “Possum”
576 1909 750 1990 respondit
764 1908 919 1989 miratus,
947 1906 995 1977 “si
1010 1906 1044 1976 id
1060 1909 1176 1990 magni
1194 1909 1282 1978 refe·

283 2019 346 2080 rat.
369 2011 525 2079 Herusne
541 2010 689 2078 Vantine
707 2031 761 2078 me
777 2008 890 2078 vult?’'

365 2111 513 2179 “Omnes
526 2118 560 2178 te
576 2110 736 2178 volumus
746 2109 775 2177 l’'
791 2110 899 2177 refert
914 2129 992 2189 vox,
1001 2114 1037 2176 et
1048 2107 1082 2175 in
1094 2107 1284 2190 singultum

281 2212 439 2293 erumpit.
478 2210 564 2280 “Per
590 2211 678 2280 Deos
703 2210 921 2291 immortales,
945 2208 1036 2277 Here
1060 2208 1188 2290 Lester,
1205 2211 1284 2280 veni

281 2312 493 2381 confestim.’'

366 2413 512 2493 “Bene’'
523 2412 677 2495 respondi
692 2411 763 2480 sine
778 2411 930 2480 ulteriori
939 2411 1222 2495 verbigeratione,
1237 2409 1286 2478 in·

280 2514 393 2583 tellexi
409 2514 499 2582 enim
516 2535 593 2581 eum
609 2513 676 2580 iam
692 2513 785 2581 nullo
807 2511 908 2580 modo
923 2534 997 2582 esse
1013 2513 1064 2582 sui
1081 2519 1282 2594 compotem.

280 2613 438 2696 “Aliquid
454 2613 544 2695 apud
562 2613 709 2681 Vantine
735 2611 896 2680 accidisse
922 2612 1092 2693 videtur,’'
1119 2611 1282 2680 docebam

279 2715 440 2796 Godtrey,
464 2721 504 2782 ut
530 2712 813 2782 auscultatorium
839 2712 995 2794 appendi.
1033 2711 1163 2781 “Parks
1185 2733 1284 2794 paene

279 2823 377 2884 extra
393 2836 428 2882 se
445 2822 506 2895 est,
523 2835 647 2895 meque
663 2813 749 2881 illico
771 2812 933 2881 advenire
958 2811 1123 2894 flagitat,''
1150 2819 1185 2880 et
1211 2812 1284 2881 sine

280 2938 376 2984 mora
392 2937 489 2983 sumo
506 2914 631 2997 pileum
648 2913 851 2994 laenamque¹
868 2912 1088 2981 discessurus

363 3016 486 3083 “Visne
501 3015 604 3083 etiam
621 3036 685 3094 ego
702 3022 817 3082 tecum
832 3012 945 3080 eaml”
962 3019 1062 3094 rogat
1077 3011 1240 3094 Godfrey.

363 3116 504 3184 Pressus
525 3114 662 3197 quidem
679 3121 718 3182 ut
734 3134 829 3181 eram
854 3133 969 3181 rerum
996 3112 1178 3194 gravitate,
1201 3112 1282 3182 risui

279 3224 480 3298 temperare,
496 3215 614 3283 audita
629 3213 829 3296 quastione,
844 3220 878 3281 et
895 3212 996 3281 modo
1022 3233 1097 3280 eam
1124 3212 1282 3295 ponendi,

278 3339 345 3384 non
363 3324 527 3398 poteram.

362 3416 496 3485 “Satius
526 3417 672 3484 fortasse
700 3413 852 3494 feceris,''
886 3411 1053 3494 respondi.
1098 3411 1280 3482 “Invitatio

278 3539 418 3598 prorsus
434 3516 520 3584 serio
537 3515 710 3584 sonabat.”
809 3508 812 3517 ’

360 3617 556 3685 Tollenone²
571 3619 640 3685 und
656 3613 901 3694 descendimus,
917 3635 955 3682 ac
972 3612 1038 3681 tria
1054 3613 1189 3681 minuta
1205 3621 1281 3696 post

376 3872 397 3919 l.
417 3866 516 3927 chna,
534 3868 628 3919 tunica
642 3869 771 3934 superior,
790 3867 883 3918 levior.

377 3955 400 4003 2.
422 3950 545 4009 rolleno,
568 3952 829 4011 machinamentum,
843 3949 913 4015 quod
928 3947 1061 4007 homines,
1075 3948 1117 3999 vel
1132 3964 1223 4007 onera,
1251 3949 1279 4001 in

282 4036 397 4088 sublime
412 4037 493 4095 tollit,
508 4043 555 4087 aut
570 4036 705 4095 demittit;
723 4043 764 4087 cst
779 4036 939 4087 Romanum.
