3128 5016
641 1806 792 1878 CAPUT
821 1805 917 1876 XXII

530 1991 710 2062 Crochurd
724 1991 784 2060 itte
799 1990 1028 2061 Invitwibilia.

361 2174 481 2245 Suum
502 2175 682 2244 dumtaxat
697 2173 848 2256 Godfrey
870 2195 929 2256 spe
944 2195 1007 2243 sua
1021 2173 1185 2256 deceptus
1207 2179 1283 2245 erat

278 2275 490 2357 iudicandus,
505 2274 672 2357 siquidem
687 2275 803 2357 plures
817 2273 898 2356 dies,
914 2273 996 2357 quin
1019 2273 1205 2357 quidquam
1231 2294 1284 2344 ac·

278 2375 423 2455 cidisset,
439 2374 704 2457 praeteriverunt
730 2409 772 2418 -
796 2373 859 2442 hoc
883 2381 944 2456 est,
969 2373 1052 2443 nihil
1067 2372 1159 2456 quod
1174 2372 1217 2443 ad
1231 2394 1284 2443 ar·

279 2496 354 2543 cam
371 2474 492 2545 referri
508 2481 631 2557 posset.
654 2472 831 2556 Inquisitio
857 2473 892 2542 in
918 2473 1111 2544 novissimae
1135 2472 1284 2543 victimae

279 2583 425 2643 mortem
440 2574 561 2657 utique
577 2574 736 2643 instituta
757 2580 841 2656 erat,
857 2581 892 2644 et
906 2573 989 2643 mihi
1012 2573 1138 2644 iterum
1161 2573 1284 2657 obtigit

278 2696 408 2743 munus
422 2673 606 2744 testimonii
628 2681 708 2744 ante
731 2673 861 2743 iuratos
885 2673 1061 2744 mortuarii
1076 2672 1284 2757 perhibendi.

282 2775 383 2844 Nunc
399 2774 545 2856 denique
560 2774 741 2843 fatendum
756 2773 839 2843 mihi
855 2780 907 2844 est
922 2795 977 2844 me
1002 2794 1168 2857 perquam
1193 2772 1284 2844 futui

277 2874 387 2944 vicem
403 2895 504 2956 agere
520 2873 682 2956 paruisse,
699 2894 807 2956 quum
833 2879 869 2944 et
894 2873 1017 2942 diurna
1042 2879 1228 2943 scommata
1247 2871 1284 2942 in

283 2973 487 3043 advocatum
510 2973 692 3055 iactabant,
716 2973 776 3056 qui
799 2973 1046 3057 muscipulam,l
1072 2994 1181 3056 quum
1206 2992 1285 3056 quae

278 3095 372 3143 nunc
393 3073 461 3142 iam
477 3073 604 3156 liquido
629 3079 810 3156 constaret,
834 3079 907 3144 tam
926 3071 1104 3157 perspicua
1122 3079 1207 3156 erat,
1224 3071 1286 3142 im·

279 3174 429 3257 prudens
445 3173 625 3243 incidisset.

362 3274 530 3343 Mensuris
555 3274 717 3344 Bertillon
743 3273 785 3343 de
811 3280 947 3344 mortuo
973 3271 1139 3344 institutis
1163 3293 1204 3342 ae
1218 3293 1280 3356 per

279 3374 459 3443 remulcale
475 3373 621 3443 Parisios
635 3373 811 3456 nuntiatis,
826 3373 905 3443 inde
921 3372 992 3444 sine
1017 3394 1113 3443 mora
1136 3373 1283 3442 relatum

279 3480 331 3542 est
347 3495 474 3542 caesum
490 3474 582 3542 hunc
597 3473 780 3556 quemdam
795 3473 912 3556 Morel‚
931 3473 1078 3544 decuriae
1092 3471 1158 3543 illic
1172 3479 1213 3542 ut
1228 3471 1284 3542 de·

279 3581 453 3655 speratum
468 3574 722 3644 malefactorem
737 3574 952 3644 notissimum
967 3572 1092 3656 fuisse;
1119 3570 1203 3657 quin
1223 3571 1283 3643 he·

280 3695 340 3742 rus
354 3674 481 3756 Lepine
497 3695 569 3742 rem
580 3680 687 3743 tantae
697 3673 878 3756 gravitatis
892 3695 964 3743 esse
975 3673 1130 3756 putabat,
1141 3679 1183 3743 ut
1193 3678 1284 3756 post-

280 3773 363 3841 ridie
380 3773 582 3843 remulcaret
597 3795 633 3843 se
660 3774 887 3855 inspectorem
903 3772 1012 3857 Pigot,
1038 3772 1097 3856 qui
1113 3771 1147 3842 in
1173 3779 1283 3842 totam

281 3894 353 3942 rem
368 3872 526 3942 funditus
541 3872 729 3956 inspiceret,
741 3873 815 3944 Neo
826 3873 1016 3943 Eboracum
1032 3872 1283 3956 delegatumm,

383 4093 406 4145 1.
423 4089 606 4160 Muaoipulo,
622 4105 665 4154 w.
677 4106 765 4159 capsa,
777 4090 924 4154 undiculu,
936 4105 991 4160 qua
1002 4104 1093 4145 mures
1105 4088 1166 4159 oapi
1177 4088 1280 4145 solent.
