3128 5016
371 1101 659 1181 MYSTERlUM
690 1100 838 1179 ΑΜ
873 1083 1044 1179 nouit

625 1750 776 1821 CAPUT
797 1751 812 1819 l

503 1935 708 2003 Prolubium
722 1935 915 2005 Callentie.¹

293 2119 393 2188 “Euo
403 2119 432 2187 !”
447 2119 598 2188 exclamo
607 2140 672 2200 ego
680 2119 811 2188 interea
822 2119 904 2187 dum
915 2119 1211 2189 auscultatorium²

210 2220 381 2335 telephoni
407 2219 605 2302 scriptoriae³
631 2240 718 2288 meae
746 2219 906 2288 nuntium
937 2226 1143 2301 excepturus
1157 2218 1214 2289 de·

212 2342 436 2489 mng‘iilerus⁴
451 2420 599 2489 Vantine
614 2419 708 2502 cupit
720 2426 845 2500 tecum,
861 2419 907 2487 mi
920 2419 1020 2500 Here,
1032 2419 1210 2502 colloqui‚’'

207 2521 345 2591 nuntiat
360 2543 447 2603 puer
461 2520 644 2603 apparitor.

291 2621 404 2690 “Bene
420 2621 503 2702 est,”
519 2627 554 2689 et
569 2621 704 2689 inten'm
721 2620 823 2688 audio
837 2622 947 2688 nexus
962 2619 1153 2702 strepitum.

292 2721 410 2790 “Tune
436 2721 465 2790 is
490 2743 537 2802 es,
563 2721 610 2789 mi
637 2720 801 2789 Lester?”
824 2742 891 2788 vox
921 2721 1044 2802 quaerit
1065 2720 1211 2804 Philippi

208 2822 365 2893 Vantine.

292 2921 387 3004 “Ego
403 2943 490 2991 sum.
513 2921 604 3004 Ergo
619 2921 686 2990 iam
703 2921 843 2990 domum
858 2921 981 2990 venisti
991 2921 1028 2990 ?”

291 3022 393 3091 “Heri
409 3021 543 3090 adveni.
565 3021 741 3091 Poterisne
757 3044 819 3104 per
834 3021 943 3090 otium
969 3021 1069 3092 hodie
1085 3022 1128 3091 ad
1143 3044 1212 3093 me-

207 3144 287 3192 cum
303 3121 539 3205 prandendum
555 3121 673 3190 venire
683 3121 720 3190 ?”

292 3222 475 3291 “Libenter
489 3221 646 3302 faciam,'’
667 3221 836 3304 respondi,
858 3221 905 3290 sic
931 3229 967 3290 et
993 3222 1093 3304 sensi,
1119 3223 1211 3306 quod

208 3323 402 3406 Philippum
416 3321 565 3391 Vantine
579 3343 757 3404 nunquam
772 3344 840 3391 non
857 3321 993 3404 plurimi
1008 3322 1084 3391 ieci.

311 3527 333 3576 l.
351 3523 444 3583 Gneri
457 3523 547 3588 periti.

309 3609 333 3660 2.
351 3607 418 3659 Pars
435 3606 586 3672 telephum,
603 3622 684 3673 quam
702 3607 736 3659 ad
754 3607 943 3673 excipiendum
956 3623 1107 3661 sermonem
1121 3608 1155 3661 ad
1168 3624 1214 3661 eu·

210 3706 267 3742 rem
279 3690 440 3743 attollimue

308 3775 335 3826 3.
348 3772 532 3840 Semptorim
550 3773 679 3826 subaudi:
691 3788 807 3826 menese.

311 3860 335 3910 l.
353 3857 414 3910 Non
428 3857 525 3922 ignoro
538 3856 609 3909 hanc
627 3856 784 3924 alloquendi
801 3857 920 3909 formem
938 3873 954 3909 a
972 3856 1093 3910 moribus
1117 3858 1212 3912 Rome·

209 3956 307 3993 norum
320 3940 440 3993 alienum
453 3956 520 4001 esse
538 3947 567 3992 at
579 3941 625 3993 hic
639 3956 693 3992 non
707 3939 823 3993 Romani
837 3939 884 3992 eed
896 3940 1060 4002 Americani
1079 3941 1215 3994 America-

209 4040 333 4078 nemore
346 4024 495 4091 loquuntur
508 4031 536 4076 et
547 4030 643 4090 agunu
660 4024 787 4090 proinde:
801 4021 836 4077 Si
847 4022 943 4086 femie
956 4022 1064 4087 Romae,
1080 4022 1213 4078 Bonnam

208 4106 300 4162 vivito
313 4123 404 4170 more,
421 4105 563 4173 Sifiterie
580 4105 663 4170 alibi,
683 4105 783 4170 vivito,
804 4106 882 4160 sieut
899 4105 963 4160 iti!
