3150 5468
494 1312 689 1369 cnocaaao
707 1311 788 1368 naa
805 1308 1034 1369 monacnum
1200 1290 1264 1365 235

259 1489 330 1553 tres
343 1481 451 1553 fuisse
479 1503 593 1565 casos,
617 1503 680 1553 nec
705 1503 914 1566 quemquam
938 1480 1118 1566 punitum
1139 1479 1265 1550 scelera

261 1582 440 1653 commissa
455 1583 564 1666 plura,
580 1582 738 1653 sicarium
764 1603 875 1666 usque
901 1581 972 1651 frui
995 1581 1162 1662 libertate,
1185 1578 1266 1649 libe·

261 1703 406 1765 rumque
421 1682 582 1753 futurum
607 1682 733 1765 videri;
755 1681 847 1752 unde
870 1702 932 1765 per
956 1702 993 1751 se
1019 1679 1148 1752 fluebat
1173 1677 1265 1762 quod

261 1782 384 1852 diurna
406 1782 539 1852 extritis
562 1782 720 1852 omnibus
742 1785 842 1852 casds
863 1779 1115 1862 vicissitatibus,
1131 1785 1267 1849 senten·

263 1882 346 1951 tiam
361 1883 615 1952 communitatis
630 1882 753 1965 passim
768 1881 900 1965 agitare
923 1887 1112 1964 ceperunt,
1137 1877 1266 1963 aliquid

261 1982 383 2051 alicubi
400 1983 488 2053 male
502 1982 586 2065 geri,
601 1981 842 2064 decuriamque
857 1988 1022 2065 agentum
1047 1979 1203 2050 ventilari
1225 1999 1265 2049 ac

264 2082 451 2165 repurgari,
468 2091 504 2152 at
519 2082 582 2152 hoc
598 2081 676 2152 inde
690 2103 712 2151 a
727 2081 846 2165 capite,
862 2089 1027 2165 oportere.

347 2183 437 2252 Arca
453 2182 558 2252 Boule
573 2182 608 2252 in
630 2182 775 2252 statione
798 2181 959 2252 decuriali
975 2181 1050 2252 viae
1069 2178 1268 2264 trigesima

266 2282 393 2352 Tertiae
407 2283 540 2352 occlusa
555 2290 590 2352 et
613 2282 771 2352 obserata
795 2281 938 2363 mansit;
960 2280 1152 2365 clavimque
1174 2279 1269 2350 oellae

265 2382 457 2452 Simmonds
482 2382 516 2452 in
543 2383 676 2453 sacculo
699 2382 867 2466 gestabat
900 2381 1002 2452 Nunc
1024 2381 1091 2450 iam
1106 2380 1174 2451 scio
1189 2400 1269 2451 eum

267 2483 355 2552 circa
370 2504 483 2552 arcam
499 2485 596 2552 tanta
611 2486 742 2566 quanta
756 2489 915 2552 caeteram
930 2481 1064 2565 plebem
1087 2480 1194 2550 tuisse
1217 2500 1271 2550 ca·

264 2582 367 2664 liqine
382 2603 531 2652 mersum
543 2604 552 2663 ;
573 2590 609 2651 et
630 2583 776 2666 populus
799 2581 937 2664 quidem
952 2588 1044 2651 certe
1069 2580 1104 2651 in
1130 2579 1272 2650 summis

269 2682 418 2751 tenebris
443 2681 656 2764 caecutiebat,
680 2681 847 2765 siquidem
873 2681 908 2750 in
934 2681 1049 2751 relatis
1069 2680 1111 2751 de
1137 2679 1272 2750 duobus

269 2782 365 2851 caesis
381 2782 557 2864 prioribus,
572 2803 660 2851 arcae
686 2803 824 2864 prorsus
838 2781 932 2852 nulla
947 2781 1051 2851 fiebat
1076 2780 1213 2862 mentio,
1234 2779 1269 2849 in

271 2881 452 2951 novissimo
468 2890 584 2951 autem
606 2904 686 2951 casu
703 2881 760 2950 vix
776 2903 836 2964 per
851 2881 1010 2951 incidens.
1033 2881 1081 2952 Ut
1096 2902 1139 2951 ex
1154 2880 1207 2950 his
1221 2901 1271 2949 re·

266 2983 342 3051 latis
357 2982 466 3064 colligi
482 2989 626 3065 poterat,
642 2981 844 3052 relatoribus
854 3003 963 3051 unum
974 2981 1062 3051 circa
1076 3001 1191 3051 arcam
1205 2979 1270 3050 cla·

267 3103 343 3150 rum
360 3103 434 3150 esse
450 3081 641 3163 videbatur,
657 3082 700 3151 de
715 3081 911 3164 surreptitia
934 3080 1172 3164 importatione
1187 3079 1270 3162 eius,

267 3189 444 3263 tamquam
460 3181 544 3250 artis
559 3181 711 3251 thesauri
725 3180 780 3250 hic
795 3181 861 3264 agi.
877 3181 1033 3252 Eventus
1047 3180 1146 3251 istius
1170 3202 1273 3264 geue·

270 3281 316 3350 ris
331 3289 427 3351 tanto
443 3282 551 3352 solent
567 3303 639 3351 esse
654 3300 807 3363 numero,
824 3288 864 3351 ut
878 3280 1033 3352 animum
1043 3281 1117 3352 fere
1128 3279 1272 3350 neminis

268 3381 472 3451 devinciant

351 3481 481 3551 Verum
497 3481 689 3551 Simmonds
699 3502 810 3566 usque
825 3502 866 3552 eo
881 3479 1037 3564 pervenit
1051 3486 1092 3550 ut
1106 3479 1271 3564 intellige·

269 3588 321 3650 ret
337 3581 457 3650 solium
475 3581 588 3662 Grady
604 3589 745 3662 nutare;
767 3581 913 3650 fortasse
928 3580 995 3650 iam
1011 3579 1114 3651 etiam
1138 3601 1272 3664 perspe-

269 3681 318 3750 xit
334 3703 436 3750 suum
452 3703 588 3763 quoque
614 3689 717 3763 caput
743 3680 778 3750 in
804 3688 881 3751 tuto
907 3680 1000 3750 haud
1026 3703 1109 3763 esse,
1131 3679 1270 3764 proinde

268 3803 331 3850 sua
346 3781 419 3850 fata
434 3781 516 3850 fatis
531 3781 645 3863 Grady
661 3780 833 3864 iungenda
848 3802 921 3850 esse
936 3780 1045 3863 duxit,
1069 3803 1171 3864 quem
1196 3780 1270 3851 uni·

268 3903 346 3951 cum
363 3881 577 3950 existimabat
592 3903 628 3950 se
643 3903 686 3950 ex
697 3880 899 3964 ambagibus
909 3880 1053 3950 educere
1064 3902 1170 3964 posse.
1182 3878 1272 3951 God-

269 3982 344 4063 frey
361 3981 544 4064 plurimum
559 3981 704 4050 attinere
719 3981 852 4050 censuit
866 3989 906 4050 ut
921 4002 1001 4051 arca
1015 3980 1049 4050 in
1065 3980 1148 4050 cella
1162 3980 1272 4050 occlu-

269 4104 306 4151 sa
321 4081 562 4162 contineretur,
578 4089 613 4150 et
628 4089 680 4150 est
695 4088 864 4150 contenta
887 4080 986 4164 Quod
1001 4102 1083 4150 vero
1098 4079 1141 4150 ad
1156 4079 1271 4163 Grady

268 4181 403 4262 attinet,
419 4181 511 4251 haud
526 4189 610 4264 puto
626 4203 717 4262 eum,
733 4181 835 4251 etiam
851 4202 959 4264 quum
974 4180 1018 4250 ad
1042 4180 1163 4250 ultima
1187 4201 1271 4249 ven·

270 4289 344 4350 tum
361 4289 423 4362 est,
439 4281 521 4350 satis
535 4281 737 4351 intellexisse
752 4302 856 4364 quam
878 4288 1010 4364 partem
1032 4300 1112 4349 arca
1134 4279 1169 4348 in
1190 4300 1274 4350 cun·

270 4381 333 4450 ctis
349 4381 401 4449 his
416 4381 597 4450 eventibus
612 4381 731 4450 sortita
746 4389 844 4451 esset.

355 4481 494 4550 lnterim
511 4489 625 4550 tamen
640 4481 723 4550 dum
734 4502 812 4550 arca
823 4480 918 4564 vulgi
929 4479 1153 4550 attentionem
1164 4477 1271 4549 houd·

270 4603 442 4667 quaquam
457 4581 679 4664 devinciebat,
689 4602 729 4652 ac
740 4581 823 4653 dum
838 4581 989 4666 plerique
1003 4581 1187 4653 relatorum
1196 4599 1272 4651 eam
