3128 5016
603 832 728 886 uanus
748 832 969 886 vunnumm
1239 816 1281 885 33

365 999 425 1070 “ld
440 1001 499 1069 vix
514 1000 687 1083 probabile
697 1000 920 1083 putandum,’'
930 1000 1056 1082 negavi
1065 1022 1140 1082 ego,
1151 999 1282 1070 “multo

281 1101 370 1170 enirn
386 1100 550 1170 tenuioris
565 1100 746 1170 videbatur
760 1101 891 1169 sortis.''

366 1218 517 1289 “Tamen
532 1241 625 1288 nunc
640 1219 779 1288 memini
796 1220 964 1301 pagellam
978 1218 1052 1286 eius
1067 1240 1174 1300 quum
1190 1240 1284 1301 aspe-

281 1342 397 1390 xeram
411 1319 652 1401 cogitationem
668 1319 741 1387 eius
762 1319 897 1402 generis
912 1318 1024 1387 animo
1039 1317 1122 1385 mihi
1137 1318 1284 1401 obrepis

282 1442 329 1503 se,
337 1427 373 1490 et
383 1419 530 1489 Vantine
542 1440 621 1488 eum
631 1419 674 1488 ob
683 1419 716 1487 id
728 1441 789 1501 per
798 1419 905 1487 Parks
912 1424 1107 1500 exspectare
1114 1417 1281 1488 iussisse.”

365 1535 475 1605 “Fieri
500 1543 592 1606 certe
617 1536 762 1619 potest‚'’
788 1535 933 1604 fatebar.
967 1534 1026 1603 “Id
1051 1540 1166 1602 tamen
1190 1535 1281 1604 haud

281 1638 413 1707 tolleret
429 1658 577 1718 causam,
593 1657 700 1719 quare
714 1637 827 1705 animo
854 1635 1043 1705 concitatus
1066 1633 1200 1703 fuisset.
1238 1635 1283 1704 Et

281 1739 344 1807 hac
361 1760 399 1807 re
414 1737 629 1818 admoneor,’'
645 1736 815 1816 subiunxi,
831 1735 1032 1805 “remulcale
1056 1755 1111 1802 me
1133 1736 1280 1804 necdum

283 1838 444 1908 misisse.”

364 1953 518 2024 “Poteris
532 1954 667 2036 vesperi
682 1953 866 2022 commode.
889 1952 971 2022 Cras
986 1975 1086 2023 mane
1110 1954 1144 2024 id
1167 1952 1284 2023 redde·

281 2063 348 2125 tur.
370 2055 499 2124 Verum
515 2060 554 2123 tu
570 2075 683 2123 arcam
698 2053 850 2122 nondum
865 2053 989 2122 vidisti.
1025 2054 1122 2137 Veni,
1146 2054 1282 2124 descen·

281 2156 402 2225 damus
416 2154 560 2223 visum.”

364 2255 530 2324 Deorsum
545 2254 674 2336 gradus
688 2275 724 2322 se
739 2253 861 2322 ducem
877 2253 1047 2336 praestitit.
1062 2254 1171 2325 Parks
1185 2253 1281 2323 nobis

282 2357 317 2426 in
332 2357 434 2425 fauce
450 2354 518 2423 ima
534 2354 673 2435 occurit,
689 2361 734 2435 et,

363 2470 513 2541 “Delecti
528 2471 713 2540 relatorum
736 2471 821 2539 foris
845 2479 880 2540 te
906 2473 1135 2555 exspectant‚”
1160 2471 1281 2554 inquit

279 2572 473 2642 “Nuntiant
489 2594 524 2640 se
541 2578 575 2640 te
591 2571 779 2639 necessario
794 2572 975 2640 convenire
991 2572 1145 2641 debere.”

363 2672 511 2742 Vantine
527 2679 624 2741 motu
640 2671 786 2754 prodidit
803 2693 838 2739 se
853 2671 1000 2740 invitum
1016 2694 1098 2741 esse.

362 2772 444 2842 “Dic
454 2772 516 2841 illis
525 2794 579 2840 me
593 2772 730 2840 omnino
742 2793 869 2852 negare
881 2772 952 2840 sive
964 2793 1029 2854 me,
1041 2772 1113 2841 sive
1125 2772 1275 2840 famulos

280 2895 384 2955 meos,
392 2872 573 2942 convenire
583 2894 640 2940 eos
655 2872 772 2953 velle‚”
789 2871 935 2940 Vantine
951 2872 1133 2955 respondit.
1145 2870 1282 2955 “Siquid

280 2974 365 3043 scire
380 2973 497 3054 velint,
513 2993 534 3040 a
548 2971 685 3041 decuria
700 2972 857 3040 lictorum
873 2972 1078 3054 requirant.”

363 3088 432 3158 “Ut
447 3088 553 3170 iubes
568 3088 615 3156 mi
637 3088 758 3169 Here,'’
785 3088 959 3171 respondit
984 3088 1100 3171 Parks‚
1126 3110 1282 3159 aversus·

280 3213 347 3274 que
363 3189 523 3258 dentibus
537 3189 622 3257 albis
637 3188 778 3257 ridebat.

363 3305 511 3375 Vantine
526 3327 726 3387 progressus
741 3305 776 3373 in
791 3307 960 3387 conclave,
987 3306 1021 3375 in
1046 3328 1114 3389 quo
1134 3306 1281 3376 cadaver

280 3405 484 3475 infortunati
511 3405 631 3473 Franci
658 3427 903 3487 repereramuS,
928 3405 1006 3474 inde
1031 3406 1205 3488 ingressus
1229 3413 1282 3476 est

279 3505 474 3576 cubiculum
499 3504 578 3573 huic
603 3505 815 3586 contiguum.
852 3506 955 3574 Varia
979 3505 1025 3575 ibi
1039 3514 1114 3575 erat
1129 3507 1280 3589 supellex

280 3626 424 3675 numero
439 3606 554 3686 quinae
569 3612 630 3672 aut
645 3626 745 3686 senae,
772 3613 808 3674 et
832 3613 873 3674 ut
896 3613 1054 3688 aspectus
1076 3628 1191 3676 rerum
1206 3628 1281 3689 pro-

280 3705 393 3786 debat,
409 3704 510 3773 modo
525 3711 662 3774 tantum
684 3712 844 3786 evasatae‚
870 3713 985 3789 atque,
1000 3706 1142 3789 ignarus
1167 3713 1207 3776 ut
1230 3729 1281 3776 re·

280 3826 359 3876 rum
373 3804 472 3874 istius
487 3805 622 3887 generis
636 3827 739 3887 eram,
749 3827 834 3888 opus
843 3806 934 3874 haud
949 3806 1018 3875 fuit
1028 3812 1133 3876 utine
1145 3806 1281 3876 doceret

281 3927 360 3989 quae
373 3926 453 3974 arca
467 3905 573 3974 Boule
588 3912 687 3985 esset,
700 3927 780 3974 nam
791 3905 865 3974 haec
875 3905 924 3974 ita
934 3913 1075 3975 caeteras
1085 3907 1279 3990 excellebat,

280 4014 321 4075 ut
336 4006 493 4075 Matrona
509 4005 681 4087 quondam
697 4006 899 4088 Montespan
921 4006 956 4074 in
981 4006 1059 4075 aula
1084 4007 1281 4079 Versalibus

279 4106 439 4188 eminere,
453 4105 651 4189 cunctisque
665 4105 831 4176 dominari
845 4127 981 4177 neccsse
996 4113 1082 4197 erat
