3128 5016
668 1791 819 1861 CAPUT
840 1791 888 1860 IV

697 1978 856 2047 Fulmen.

323 2138 329 2151 ⁸
361 2165 468 2233 Honn
488 2162 622 2232 circiter
636 2168 758 2231 octava
772 2161 912 2231 demum
926 2162 1042 2232 evenit
1063 2171 1103 2233 ut
1127 2164 1281 2249 Godfrey

278 2266 415 2335 ianuam
432 2285 543 2333 meam
568 2262 689 2332 leniter
714 2263 875 2344 pulsaret,
898 2270 934 2332 et
949 2285 1057 2345 quum
1080 2286 1160 2334 eum
1176 2266 1282 2336 admi·

278 2366 395 2434 sissem
411 2387 430 2434 e
444 2363 647 2433 micantibus
670 2362 744 2431 eius
766 2363 871 2432 oculis
896 2363 996 2433 facile
1011 2363 1170 2434 hariolari
1186 2373 1282 2449 pote·

280 2488 353 2536 ram
369 2487 448 2535 eum
464 2463 621 2546 quaedam
638 2484 727 2532 nova
742 2463 905 2533 attulisse.

362 2565 450 2635 “Diu
466 2564 558 2633 haud
575 2586 662 2646 queo
676 2563 833 2645 morari,”
849 2565 945 2633 fatur
960 2565 1041 2647 ipse.
1079 2565 1280 2649 “Oportebit

282 2667 381 2736 mein
397 2665 564 2735 officinam
576 2685 767 2747 properare,
782 2686 939 2747 novaque
950 2665 1136 2748 perscripta
1147 2689 1284 2749 parum·

282 2788 344 2849 per
358 2764 537 2848 expolire.”
560 2764 723 2833 Attamen
738 2765 992 2834 convolvuluml
1008 2787 1029 2834 a
1043 2786 1098 2835 me
1114 2766 1284 2849 prolatum

283 2888 351 2935 non
368 2864 548 2945 recusavit,
564 2865 744 2945 locumque
760 2863 794 2932 in
809 2864 968 2933 artisellio
995 2887 1014 2934 e
1039 2865 1178 2948 regione
1200 2866 1283 2937 mihi

286 2964 474 3047 occupavit.

365 3064 511 3133 Habitus
527 3063 677 3146 Godfrey
700 3063 791 3145 novi,
815 3063 931 3146 itaque
957 3086 1087 3134 moram
1113 3067 1284 3149 patienter

281 3165 343 3234 tuli
369 3165 451 3234 dum
477 3164 717 3233 convolvulum
745 3163 848 3246 probe
873 3186 1053 3235 accensum
1067 3165 1285 3249 adaptatum·

286 3288 353 3348 que
369 3265 468 3347 sensi,
484 3272 558 3333 tum
575 3300 615 3308 —

369 3364 482 3447 “Ergo
492 3365 529 3433 ?”
545 3385 663 3446 quaero
678 3386 770 3432 eum.

366 3466 509 3534 “Nonne
520 3486 621 3546 nunc,
630 3464 681 3533 uti
691 3465 780 3545 olim,
796 3465 842 3534 mi
859 3466 1024 3536 Lester?'’
1042 3467 1121 3536 etin
1132 3470 1287 3539 mereni-

283 3565 394 3635 debat.
408 3565 650 3647 “Quotiesnam
667 3564 729 3634 hoc
745 3565 779 3633 in
794 3565 949 3635 cubiculo
964 3567 1006 3635 ad
1021 3569 1284 3639 consultandum

283 3664 529 3734 convenimus?
551 3665 642 3748 Quot
659 3666 939 3735 convolvulorum
963 3667 1129 3737 iacturam
1154 3669 1214 3738 tibi
1237 3670 1287 3739 in-

286 3765 348 3834 tuli
358 3764 394 3834 ?”

389 3950 411 4000 l.
431 3945 637 4009 Conooimrluo‚
655 3955 753 4014 prater
765 3965 873 4002 sensum
896 3956 1057 4003 consuetum
1079 3952 1150 4017 apud
1173 3952 1288 4007 latinos

285 4032 431 4085 modernos
455 4032 623 4084 nicotianam
650 4033 791 4098 significat
815 4033 844 4085 in
873 4034 982 4086 modum
1005 4035 1085 4101 digiti
1100 4036 1285 4099 convolutam.

284 4116 363 4170 cuius
375 4116 484 4170 accensi
496 4116 603 4169 fumum
616 4117 781 4184 exsugimus,
795 4117 853 4171 sive
864 4115 1032 4184 firmam.
