3128 5016
277 778 341 847 264
539 794 748 849 nuscanum
769 794 876 849 anca
896 787 1016 849 noma

361 962 539 1032 Silentium
562 964 718 1034 mirantis
738 970 1016 1033 momentaneum
1039 967 1198 1032 secutum
1220 968 1285 1031 est

362 1062 482 1143 “Quod
494 1086 617 1134 nomen
626 1064 663 1133 ?’'
679 1065 804 1147 quaerit
819 1086 897 1133 vox.

362 1163 512 1245 “Lester,
528 1186 547 1232 e
562 1165 730 1234 consortio
751 1164 864 1247 Royce
879 1171 915 1233 et
931 1163 1050 1233 Lester
1066 1182 1161 1231 -ac
1175 1168 1217 1231 tu
1232 1182 1286 1231 sa·

280 1263 349 1331 tius
364 1263 488 1332 dixeris
502 1263 732 1332 concinnatori
747 1263 889 1344 urbano,
901 1263 1055 1345 Godlrey
1078 1282 1195 1332 meum
1210 1282 1285 1331 esse

280 1363 539 1432 necessarium.”
556 1365 783 1433 Concinnator
797 1384 919 1446 capere
933 1363 1125 1444 videbatur,
1136 1382 1217 1431 narn
1227 1382 1285 1431 ne·

280 1484 345 1530 xus
359 1484 414 1531 me
429 1462 518 1531 inter
534 1471 569 1532 et
584 1463 678 1532 illum
694 1463 766 1532 sine
781 1484 876 1532 mora
901 1463 1047 1533 effectus
1068 1469 1131 1531 est
1152 1460 1284 1531 Verum

280 1569 315 1630 et
330 1584 409 1630 cum
424 1584 464 1631 eo
478 1563 537 1631 vix
552 1565 629 1645 plus
644 1563 781 1646 profeci.

366 1661 459 1731 “Nos
473 1664 609 1746 etenim,
623 1664 745 1733 indicio
760 1663 858 1733 nobis
879 1662 1093 1745 denuntiato,
1117 1682 1227 1745 quum
1250 1660 1284 1731 id

281 1763 404 1832 scitum
420 1770 455 1831 et
469 1763 636 1845 gravioris
646 1763 809 1834 momenti
820 1785 893 1833 esse
904 1762 1195 1844 intellexissemus,
1205 1783 1285 1833 eum

283 1863 439 1945 protinus
454 1863 618 1932 Cestriam
631 1864 813 1933 Occiduam
824 1863 1022 1933 dimisimus
1048 1862 1148 1933 Viam
1158 1862 1286 1946 ingres·

282 1986 341 2032 sus
355 1971 407 2032 est
422 1963 522 2031 simul
537 1971 641 2045 atque
656 1964 830 2033 historiam
846 1962 888 2032 de
904 1963 1005 2044 Pigot
1028 1962 1283 2045 conscripserat,

283 2071 318 2132 et
355 2084 435 2132 eum
471 2063 629 2131 reducem
674 2085 810 2146 quoque
844 2069 1017 2131 momento
1038 2070 1283 2145 exspectamus

287 2163 463 2244 Numquid
477 2163 582 2231 habes
596 2163 687 2245 quod
702 2164 733 2232 ei
748 2163 899 2232 nuntiari
914 2162 1039 2233 velisl”

368 2262 524 2344 “Habe0;
546 2263 597 2332 dic
613 2263 669 2345 illi,
684 2263 792 2345 sodes,
817 2263 918 2345 Pigot
932 2262 967 2331 in
982 2262 1128 2332 statione
1142 2260 1217 2332 Vrae
1230 2260 1286 2331 vi-

283 2363 423 2445 gesimae
445 2363 572 2432 Tertiae
594 2384 677 2445 esse,
699 2365 961 2445 consultumque
983 2362 1092 2432 videri
1114 2368 1156 2433 ut
1169 2384 1221 2445 eo,
1234 2383 1286 2431 ce·

288 2464 422 2532 lerrime
438 2485 542 2545 quam
558 2463 673 2546 possit,
690 2463 881 2532 decurrat.”

369 2562 482 2632 “Bene
506 2571 567 2631 est.
592 2563 744 2632 Primum
767 2584 871 2645 quam
894 2561 1035 2632 intrabit
1058 2562 1220 2634 nuntium
1239 2560 1286 2632 illi

287 2662 451 2731 tradam.'’

369 2762 542 2832 “Gratiam
558 2762 619 2831 tibi
641 2762 785 2843 habe0,'’
812 2761 987 2846 respondi;
1019 2762 1078 2832 sed
1101 2784 1194 2833 nunc
1215 2762 1287 2832 falli

286 2862 538 2931 acerbissimum
554 2862 635 2930 milri
650 2863 763 2932 fatum
779 2884 851 2932 esse
867 2863 964 2932 sensi.

371 2963 550 3045 Digressus
564 2963 653 3030 illinc
669 2962 703 3030 in
719 2985 779 3032 ora
793 2962 949 3032 tramitis¹
965 2984 1090 3046 anceps
1104 2962 1195 3046 steti,
1209 2984 1287 3032 ocu·

286 3064 326 3132 lis
340 3064 374 3130 in
390 3063 493 3131 rubra
508 3062 661 3145 lampade
687 3062 849 3131 Stationis
871 3062 1009 3131 lictoriae
1032 3062 1160 3133 defixis
1184 3061 1289 3144 Quid·

287 3185 366 3231 nam
382 3185 472 3231 nunc
487 3163 532 3231 ibi
549 3162 632 3231 fiet?
655 3165 811 3242 Quonam
825 3162 1023 3231 molimento
1046 3162 1162 3232 studet
1187 3162 1288 3247 Pigot

287 3286 344 3330 eos
359 3264 392 3331 in
409 3272 582 3345 stuporem
598 3266 721 3343 agere?
736 3263 975 3345 Quidquamne
989 3284 1055 3345 ego
1069 3270 1111 3331 ut
1124 3263 1288 3333 interesse

288 3364 411 3445 possim
430 3372 616 3445 praetexere
636 3365 746 3445 queo?

373 3463 510 3543 lleinde,
525 3463 628 3531 etiam
645 3485 774 3532 memor
789 3462 904 3545 Grady
928 3463 1039 3546 eapite
1061 3484 1117 3532 me
1139 3464 1289 3533 salutan-

288 3565 342 3644 tis,
358 3563 647 3645 titubantiumque
669 3564 742 3632 eius
762 3586 901 3633 crurum
925 3599 965 3608 -
989 3584 1089 3645 aeque
1112 3564 1289 3633 recolendo

288 3686 367 3733 eum
384 3664 465 3731 nihil
481 3664 577 3745 peius
592 3671 743 3732 statuere
769 3686 865 3746 posse
880 3664 943 3732 nisi
957 3685 1012 3732 me
1026 3663 1226 3746 prohibere!
1247 3698 1287 3709 -

392 3918 414 3967 l.
436 3914 565 3971 Tromea,
582 3914 655 3971 -a'tr'a,
672 3932 716 3971 m..
728 3922 769 3967 est
794 3915 987 3971 ambulacrum,
1001 3914 1060 3967 sive
1071 3930 1104 3967 ea
1116 3930 1181 3980 para
1193 3916 1248 3969 vit
1259 3916 1289 3969 in

291 4001 401 4052 orbilius
415 4000 441 4049 in
456 4017 509 4065 qaia
524 4000 648 4050 homines
662 4006 735 4059 eunt,
748 4000 897 4057 ambulant,
923 4014 984 4065 quae
1008 3998 1140 4063 contigua
1152 4005 1195 4052 est
1207 4000 1292 4053 dorni-

291 4087 348 4141 bus;
362 4086 432 4135 inter
444 4085 511 4134 duos
524 4082 659 4133 tromilca
674 4090 714 4135 est
728 4083 787 4135 iter
798 4082 933 4149 proprium
946 4097 1077 4149 equorum
1088 4088 1118 4135 et
1128 4097 1268 4137 numum.
