3128 5016
277 750 341 819 280
538 766 749 820 ursrnnrou
769 764 878 820 anca
898 756 1018 819 nourr

279 933 480 1003 Russiarum
509 933 775 1017 imperatricem,
804 953 884 1016 quae
910 930 1098 1016 cupiditate
1133 930 1286 1015 lapidum

280 1033 507 1115 pretiosorum
521 1034 701 1116 flagrabat,
713 1054 792 1116 quae
812 1032 980 1102 moritura
993 1030 1189 1116 congeriem
1196 1030 1286 1102 hanc

278 1154 444 1216 perquam
460 1133 667 1216 singularem
682 1133 750 1203 filio
766 1155 828 1203 suo
843 1132 1049 1216 pradilecto,
1072 1130 1134 1215 qui
1155 1138 1193 1202 et
1213 1130 1284 1202 hee·

279 1255 335 1302 res
350 1233 502 1302 eiusdem
516 1255 589 1302 suae
604 1233 800 1316 cupiditatis
814 1240 898 1314 erat,
913 1238 1121 1303 testamento
1136 1230 1284 1315 reliquit.

280 1332 319 1400 In
335 1333 447 1401 locum
462 1332 643 1416 originarii,
659 1333 773 1402 turbae
786 1332 830 1402 ad
845 1331 1083 1402 demirandam
1093 1330 1285 1401 imitamen·

279 1438 355 1500 turn
369 1431 560 1501 adamantis
576 1433 725 1501 Mazarin
750 1432 936 1502 suffectum
951 1431 987 1500 in
1001 1430 1139 1501 Louvre
1160 1436 1225 1513 est,
1245 1436 1283 1500 et

279 1553 358 1600 mox
374 1532 518 1615 quisque
533 1533 660 1602 oblitus
674 1540 749 1602 erat
763 1554 799 1602 se
813 1553 881 1602 non
896 1552 1019 1602 verum
1032 1530 1194 1601 demirari
1206 1528 1286 1601 ada·

279 1639 440 1701 mantem.
456 1632 508 1701 Ex
523 1655 600 1702 mea
615 1655 697 1702 vero
712 1641 810 1716 parte
825 1640 975 1703 rectores
988 1630 1161 1715 sapienter
1174 1638 1285 1701 statu·

279 1731 345 1801 isse
370 1732 526 1802 arbitror.
551 1733 654 1802 Nunc
679 1734 793 1815 vero,''
820 1731 998 1816 subiungit
1016 1738 1119 1815 gestu
1132 1730 1286 1815 fulgidos

279 1832 433 1902 indicans
447 1835 612 1914 cumulos,
628 1832 731 1916 “quid
747 1834 789 1903 de
804 1833 878 1903 istis
892 1831 1051 1903 omnibus
1062 1831 1167 1903 rebus
1176 1838 1286 1903 statu·

280 1933 408 2002 endum
422 1934 568 2003 censetis
576 1934 613 2002 '2⁹’

363 2048 500 2119 “Unum
516 2058 653 2119 tantum
668 2050 711 2120 ad
727 2050 900 2134 agendum
919 2048 1108 2133 superest,”
1121 2055 1284 2119 autumat

279 2148 404 2232 Grady,
421 2150 504 2219 dum
520 2151 617 2233 quasi
633 2173 675 2220 ex
690 2151 800 2221 extasi
813 2150 1009 2234 evigilabat,
1023 2147 1170 2233 “nempe
1178 2149 1285 2233 utei-

281 2249 410 2318 tissime
434 2272 538 2333 quam
560 2251 633 2319 fieri
648 2251 763 2333 possit,
779 2251 947 2321 intutum
968 2247 1213 2334 depositorium
1228 2248 1286 2321 de·

278 2351 447 2419 ferantur.
470 2351 619 2420 Lictoria
641 2358 759 2420 autern
784 2372 864 2421 arca
888 2350 1002 2420 fortis¹
1026 2350 1121 2420 nulla
1143 2356 1207 2433 est,
1226 2348 1283 2421 cui

277 2472 335 2519 eas
344 2472 498 2533 gemmas
512 2451 714 2520 concredere
725 2450 898 2522 auderem!
910 2451 987 2533 Pto,
996 2450 1051 2520 hae
1059 2450 1168 2533 ipsius
1176 2448 1284 2523 Arch-

279 2550 391 2632 angeli
406 2551 570 2620 Gabrielis
584 2551 686 2620 fidem
710 2558 885 2621 tentarent
895 2550 924 2619 !”
954 2551 1000 2620 Et
1022 2571 1065 2620 ex
1086 2549 1157 2621 imo
1177 2548 1285 2634 suspi-

280 2650 380 2719 ravit.

364 2766 480 2836 “Num
495 2775 567 2836 tarn
583 2771 658 2837 sera
672 2770 783 2838 noctis
797 2768 881 2837 hora
895 2774 1013 2838 tutum
1038 2765 1283 2851 depositorium

279 2874 437 2950 apertum
453 2868 703 2950 reperiemus?”
715 2868 838 2951 quaerit
848 2866 952 2938 herus
962 2867 1063 2951 Pigot
1076 2866 1284 2951 horologiolo

279 2974 425 3049 aspecto.
449 2966 541 3036 “lam
557 2969 632 3038 fere
647 2968 731 3037 hora
746 2968 854 3053 prima
867 2975 920 3038 est
934 2989 1013 3038 curn
1028 2966 1199 3037 dimidiu

363 3082 459 3152 “Neo
475 3084 617 3154 Eboraci
631 3084 695 3154 hoc
711 3085 794 3154 satis
808 3084 908 3155 facile
923 3084 1007 3168 est,”
1029 3083 1143 3168 inquit
1155 3082 1283 3169 Grady.

279 3182 460 3252 “Gemmas
474 3183 509 3252 in
525 3184 767 3267 Argentariam
781 3184 1143 3255 DiumoNocturnam
1157 3183 1194 3255 in
1208 3182 1284 3255 Pu-

278 3289 335 3352 tea
360 3284 498 3366 Quinta,
524 3292 645 3367 utpote
671 3306 750 3367 quae
764 3284 818 3353 die
832 3292 1007 3367 noctuque
1027 3290 1135 3369 patet,
1149 3282 1282 3355 defere-

278 3405 365 3452 mus.
381 3383 550 3467 Exspecta
563 3385 664 3454 modo
679 3384 761 3455 dum
777 3385 902 3469 aliquid
919 3385 954 3455 in
968 3406 1038 3468 quo
1052 3405 1111 3455 eas
1123 3382 1283 3455 reconda·

279 3505 366 3563 mus,
382 3485 606 3566 comparem.”

362 3583 424 3652 His
438 3583 552 3653 verbis
566 3584 728 3667 discessit,
744 3584 803 3655 sed
825 3584 939 3668 paullo
962 3590 1040 3668 post
1063 3604 1144 3655 cum
1164 3582 1283 3655 vidulo

280 3682 388 3752 rediit.

381 3886 403 3937 1.
422 3884 504 3937 Arca
511 3884 617 3951 sortia:
631 3887 720 3940 ferrea
731 3903 802 3947 arca,
816 3886 889 3940 utin
902 3885 1068 3953 argentariis
1083 3890 1133 3939 aot
1149 3884 1235 3939 etim
1251 3884 1282 3939 in

279 3968 394 4033 privatis
412 3969 529 4021 officinis
552 3970 732 4035 reperiuntur,
752 3971 786 4023 ad
804 3970 957 4036 pecuniam,
980 3968 1153 4031 documenta,
1173 3968 1282 4037 aliaque

278 4053 396 4118 pretiosa
410 4054 605 4114 conservanda,
619 4070 701 4120 quarn
710 4061 817 4108 veteres
825 4054 909 4107 etiam
919 4050 1096 4107 thomum
1103 4058 1282 4107 vocarunt.
