3128 5016
576 794 713 848 nocuus
734 793 977 848 ornemur-un
1235 777 1277 846 69

276 962 387 1046 perire
413 983 521 1045 posse,
548 960 740 1031 Simmonds
762 983 841 1032 cum
863 961 995 1031 caeteris
1010 961 1045 1030 in
1061 961 1212 1030 anticum
1227 982 1278 1029 re·

276 1063 377 1134 cessit
392 1063 595 1132 cubiculum.

361 1163 415 1231 “N
417 1185 482 1232 unc
497 1163 611 1244 vero,”
633 1161 748 1246 Grady
762 1163 930 1232 allocutus
945 1162 1085 1244 Rogers,
1097 1161 1277 1231 “caeteram

276 1263 418 1333 domum
433 1263 598 1332 vellemus
612 1262 818 1346 explorare.”
851 1262 914 1332 Hic
930 1262 1059 1331 interea
1074 1262 1108 1330 in
1124 1262 1204 1330 sella
1219 1261 1280 1331 ite·

276 1385 355 1432 rum
385 1370 529 1443 erectus,
558 1361 689 1444 sibique
720 1362 909 1444 restitutus,
939 1361 1088 1431 sedebat.
1133 1361 1278 1432 Proinde

277 1458 396 1532 omnes
411 1462 446 1531 hi
461 1462 525 1531 viri
540 1462 640 1531 simul
655 1463 690 1530 in
705 1463 872 1532 ambitum
884 1461 1116 1544 prodiverunt.
1127 1461 1204 1543 Ipse
1215 1483 1280 1544 ego

277 1584 356 1631 cum
380 1561 518 1631 medicis
540 1561 684 1644 Hughes
708 1569 744 1631 et
773 1561 1055 1644 Freylinghuisen
1078 1561 1114 1629 in
1129 1560 1280 1630 conclavi

277 1662 457 1745 permansi.
479 1661 523 1730 Hi
539 1661 608 1730 duo
622 1662 757 1731 interim
772 1662 919 1730 cadaver
938 1660 1172 1742 sublevarunt,
1194 1667 1230 1730 et
1243 1660 1279 1731 in

276 1763 460 1845 grabatum
486 1761 703 1843 collocarunt,
726 1783 816 1830 navo
840 1768 875 1830 et
897 1760 1097 1830 accuratiori
1122 1759 1280 1829 instituto

278 1862 442 1931 examine.
455 1862 528 1945 Ego
540 1861 640 1931 corde
652 1862 750 1944 gravi
762 1861 897 1930 consedi
912 1882 1038 1943 eosque
1050 1860 1283 1930 consultantes

278 1961 467 2031 observavi.

362 2061 524 2132 Ludibrio
547 2062 699 2131 fortunae
723 2061 981 2130 attribuendum
1006 2060 1125 2143 putavi
1150 2068 1190 2129 ut
1206 2059 1281 2128 Phi·

278 2162 390 2245 lippus
419 2161 566 2231 Vantine
592 2162 732 2231 victima
757 2169 948 2231 moreretur
971 2160 1101 2230 ardoris
1124 2159 1176 2229 sui
1200 2181 1283 2243 erga

279 2262 341 2331 has
355 2283 410 2331 res
423 2261 609 2345 flagrantis,
625 2284 643 2331 e
659 2262 784 2345 quibus
799 2269 932 2330 tantam
947 2260 1051 2330 animi
1067 2261 1281 2343 voluptatem

279 2362 450 2445 percipere
464 2361 609 2443 solebat;
631 2370 667 2431 et
682 2369 797 2431 tamen
824 2362 911 2431 hanc
936 2361 1044 2431 fuisse
1067 2382 1185 2430 veram
1209 2381 1282 2429 suae

279 2461 398 2532 mortis
411 2483 548 2531 eausam
563 2462 645 2530 mihi
662 2462 787 2532 sensim
801 2461 1006 2545 persuadere
1022 2460 1119 2543 coepi.
1146 2460 1283 2542 Negan-

279 2562 362 2631 dum
387 2561 524 2644 quidem
550 2584 618 2631 non
642 2571 717 2632 erat
742 2563 857 2633 varios
880 2562 1035 2631 incidisse
1060 2567 1207 2629 eventus
1222 2560 1282 2642 qui

279 2661 358 2731 huic
374 2661 553 2744 conceptui
568 2683 607 2731 ac
622 2662 763 2732 theoriae
784 2683 977 2744 repugnare
1000 2660 1210 2740 viderentur,
1233 2666 1284 2727 at·

279 2782 345 2844 que
369 2760 500 2830 theoria
523 2763 596 2844 ipsa
621 2784 718 2845 paene
741 2763 886 2831 efferata
912 2768 947 2830 et
970 2760 1118 2829 absurda
1142 2758 1284 2828 iudicari

279 2868 411 2944 posset;
433 2869 549 2930 tamen
566 2885 606 2931 ea
621 2885 683 2932 ceu
699 2863 815 2932 radius
829 2861 967 2930 luminis
980 2860 1170 2929 claritatem
1184 2859 1219 2927 in
1235 2866 1283 2928 te

278 2961 393 3031 nebris
408 2961 599 3031 diffundere
614 2963 690 3045 quis
704 2961 908 3045 negaverit?
930 2961 1026 3030 Hanc
1042 2958 1283 3042 cogitationem

279 3062 314 3130 in
329 3061 443 3130 animo
457 3083 533 3131 meo
547 3063 673 3131 iterum
688 3063 884 3144 iterumque
907 3059 1109 3129 revolvitavi
1123 3079 1163 3127 eo
1178 3058 1285 3127 consi·

279 3162 324 3232 lio
338 3169 379 3230 ut
394 3169 540 3231 eventus
554 3163 620 3231 diei
646 3163 681 3232 in
707 3163 921 3232 concordiam
944 3159 1156 3229 conciliarem
1178 3194 1218 3202 -
1233 3159 1284 3227 fa·

279 3271 355 3331 teor
370 3269 485 3330 tamen
500 3262 592 3331 haud
608 3285 687 3332 cum
700 3263 872 3332 uberrimo
887 3263 1014 3330 fructu.
1046 3258 1201 3341 Denique
1215 3279 1284 3327 vox

280 3361 562 3444 Freylinghuisen
578 3384 632 3431 me
647 3385 666 3432 e
681 3363 819 3432 somniis
833 3362 918 3431 meis
932 3359 1099 3430 evocavit.

365 3459 539 3543 “Uterque
554 3464 683 3544 casus‚''
699 3463 820 3545 inquit,
836 3460 994 3544 “prorsus
1009 3467 1061 3528 est
1072 3458 1172 3528 idem.
1195 3457 1284 3526 lndi·

279 3561 332 3632 cia
346 3561 482 3630 omnino
498 3571 579 3632 sunt
594 3563 723 3632 eadem.
746 3563 847 3632 Certo
863 3561 930 3631 scio
953 3561 1115 3630 futurum
1130 3565 1171 3627 ut
1186 3578 1283 3640 para·

280 3661 367 3744 lysin
381 3662 491 3731 cordis
505 3663 730 3745 medullaeque
745 3663 851 3746 spinae
866 3661 957 3730 dorsi
982 3661 1046 3729 hoc
1072 3659 1107 3727 in
1130 3679 1211 3727 casu
1233 3678 1284 3726 re-

281 3762 412 3846 perturi
427 3762 542 3844 simus,
558 3772 598 3832 ut
613 3764 646 3832 in
661 3765 768 3832 altero
784 3762 980 3845 reperimus.
996 3760 1150 3841 Uterque
1165 3757 1283 3827 eodem

281 3884 414 3932 veneno
429 3870 481 3931 est
495 3863 697 3932 extinctus.”

366 3962 542 4031 “Vellesne
556 3963 645 4032 circa
659 3971 819 4034 naturam
835 3962 959 4032 veneni
984 3959 1176 4044 opinionem
1200 3957 1285 4041 peri·

281 4062 435 4133 clitaril''
449 4063 578 4146 collega
593 4063 737 4145 Hughes
751 4063 939 4148 quaerebat.
