3128 5016
664 1758 816 1831 CAPUT
830 1760 894 1830 Vll

592 1945 722 2026 Roqera
743 1946 959 2015 Percellitur.

363 2126 501 2209 GRADY,
522 2127 712 2197 Simmonds
727 2135 763 2196 et
777 2128 986 2210 Goldberger
1000 2129 1131 2198 interea
1144 2128 1281 2198 cubicu-

280 2224 351 2294 lum
377 2227 484 2296 isthoc
510 2228 702 2297 accuratius
727 2230 1000 2311 exploraverunt,
1030 2230 1161 2298 animos
1189 2229 1280 2297 enirn

280 2346 398 2395 eorum
414 2328 556 2410 suspitio
571 2328 683 2397 subire
697 2329 802 2411 coepit
813 2336 980 2399 secretum
992 2329 1094 2398 huius
1102 2329 1281 2411 trrgoediae

280 2426 402 2496 alicubi
418 2429 508 2497 intra
523 2436 669 2510 quatuor
684 2429 787 2498 huius
801 2451 918 2499 muros
928 2429 1142 2510 delitescere;
1158 2451 1280 2498 verum

280 2548 344 2609 ego
359 2550 416 2596 eos
431 2529 544 2598 minus
559 2529 696 2598 sollicite
712 2529 901 2611 observavi,
923 2530 1013 2612 quod
1038 2529 1172 2599 animus
1197 2530 1280 2599 mihi

279 2627 367 2697 circa
381 2651 457 2697 eam
472 2651 545 2698 rem
560 2630 778 2712 languescere
793 2630 906 2712 coepit.
943 2630 1149 2698 Persuasum
1176 2630 1280 2699 etiam

280 2727 362 2796 mihi
377 2736 452 2797 erat
467 2751 525 2798 eos
538 2729 581 2797 ad
597 2729 817 2799 revelandum
840 2752 1004 2799 arcanum
1030 2729 1280 2812 necquidquam

281 2837 485 2911 reperturos.
508 2830 619 2898 Etiam
635 2830 751 2898 audivi
767 2830 881 2912 Grady
895 2830 1064 2900 dicentem
1079 2831 1207 2899 nullam
1223 2830 1281 2899 ali·

280 2950 336 2997 am
351 2951 425 2998 esse
440 2930 577 2999 ianuam
595 2931 658 2999 nisi
673 2952 748 2999 earn
764 2953 842 3013 quae
856 2931 919 2999 hoc
934 2931 1130 2999 cubiculum
1145 2952 1224 2999 cum
1236 2930 1281 2999 al·

280 3037 354 3098 tero
370 3030 501 3113 iungat,
517 3039 552 3099 et
568 3031 670 3099 etiam
686 3052 792 3099 uncos
813 3031 1043 3100 fenestrarum
1060 3053 1119 3100 eos
1136 3030 1282 3113 vestiga·

279 3151 316 3198 re
332 3131 411 3199 vidi.

365 3230 456 3300 “Has
470 3232 640 3300 fenestras
654 3253 754 3299 nemo
770 3231 936 3300 levaverit
951 3231 1032 3313 quin
1051 3239 1158 3300 totam
1173 3231 1281 3300 conci-

281 3337 331 3399 tet
347 3330 516 3411 domum‚’'
533 3332 579 3400 ait
596 3331 719 3413 Grady,
741 3331 848 3413 digito
874 3331 1026 3399 indicans
1051 3331 1197 3409 tortilia‚¹
1224 3353 1281 3413 po

281 3439 350 3498 stes
364 3432 592 3500 fenestrarum
608 3431 812 3500 comitantia
852 3431 1086 3500 “suscitabula
1101 3440 1180 3499 sunt
1197 3453 1282 3513 prae·

281 3529 426 3599 donia.”²

364 3631 417 3701 Sic
432 3631 547 3713 itaque
563 3632 685 3701 certior
699 3633 813 3701 factus
828 3654 864 3700 se
888 3630 931 3699 ibi
956 3631 1037 3700 nihil
1065 3631 1210 3713 implius
1231 3652 1282 3700 re·

382 3835 404 3885 1.
426 3831 542 3891 Tritino,
560 3831 607 3892 ·is‚
624 3849 665 3891 n..
677 3833 751 3885 tilum
762 3850 890 3886 vocamus
898 3832 1063 3883 metallicum
1077 3831 1225 3898 quodlibet.

381 3920 406 3968 2.
423 3918 577 3982 Apparatus
594 3917 745 3977 electricus,
766 3919 812 3984 qui
840 3917 944 3968 incolas
966 3916 1061 3967 domus
1079 3916 1207 3979 clangore
1233 3922 1281 3967 aut

280 4001 384 4052 tinnitu
398 4000 523 4051 suscitat
542 4007 569 4052 et
581 4009 684 4058 evocat.
699 4001 720 4053 si
734 4002 873 4069 praedones
897 4000 1032 4052 fenestras
1053 4007 1100 4051 aut
1126 3999 1222 4052 ianuas
1244 4002 1282 4053 tc·

281 4091 395 4138 merent.
