3150 5468
508 1280 748 1335 soomnncn
765 1279 983 1334 suessanus
1178 1262 1241 1331 201

241 1448 337 1531 equis
361 1447 404 1516 ab
427 1448 548 1530 auriga
570 1448 746 1518 concitatis
768 1449 953 1532 petoritum
977 1447 1043 1517 leni
1068 1453 1164 1516 motu
1179 1468 1241 1529 per

242 1550 306 1617 iter
322 1549 508 1617 secundum
525 1549 676 1617 Plateam
692 1550 782 1618 volvi
798 1549 910 1631 coepit.

325 1649 437 1717 Herus
452 1648 604 1717 Annand
620 1649 790 1731 paulisper
802 1649 906 1718 oculis
917 1656 1065 1729 secutus,
1077 1648 1244 1730 pilentum

241 1749 452 1817 meritorium
478 1749 521 1816 ibi
546 1770 626 1816 eum
648 1750 826 1831 opperiens
841 1748 1045 1830 conscendit,
1070 1769 1245 1829 manuque

241 1850 400 1918 ultimum
418 1849 492 1916 vale
508 1848 622 1927 edens,
639 1849 824 1929 petoritum
839 1849 1045 1917 subsecutus
1058 1856 1120 1917 est.
1137 1847 1209 1916 Nos
1225 1869 1245 1916 e

242 1949 379 2029 fastigio
394 1948 565 2030 graduum
581 1948 791 2017 discedentes
801 1949 1029 2030 intuebamur,
1041 1969 1151 2030 usque
1162 1948 1244 2016 dum

240 2049 282 2116 ad
300 2049 447 2131 primum
463 2049 529 2116 viae
545 2056 749 2118 transversae
775 2051 941 2132 angulum
968 2049 1034 2117 iter
1059 2070 1161 2118 suum
1188 2048 1246 2117 fle

243 2157 377 2217 xerunt.

324 2248 458 2317 “Herus
473 2247 624 2331 Godlrey
641 2248 785 2318 extorris
800 2271 892 2318 nunc
907 2249 1045 2332 negotio
1070 2250 1153 2330 est,”
1178 2248 1244 2318 leni

243 2350 310 2417 risu
335 2358 431 2417 notat
459 2349 575 2418 Parlrs.
609 2349 751 2418 “Temis
776 2350 1021 2432 quaternisque
1046 2349 1098 2418 his
1124 2349 1245 2419 diebus

242 2459 377 2518 tanturn
393 2450 483 2531 quod
500 2472 568 2518 non
583 2472 662 2519 curn
678 2472 756 2518 arca
782 2451 837 2518 illa
861 2450 1039 2520 habitavit
1076 2450 1245 2519 Hesterna

241 2559 339 2617 nocte
354 2549 411 2617 diu
428 2549 482 2618 hic
498 2559 652 2618 moratus
666 2551 748 2618 est.'’

324 2650 435 2729 “Quid
462 2651 535 2719 ais?
566 2651 704 2733 Vesperi
733 2651 932 2721 hestemo?”
954 2658 1096 2734 stupens
1117 2671 1244 2733 quaero.

241 2750 336 2831 “Ego
360 2773 441 2818 vero
465 2751 650 2820 certissime
676 2751 839 2833 putabam
863 2773 943 2819 eum
967 2751 1066 2820 hodie
1082 2751 1135 2820 hic
1150 2752 1246 2820 iutu-

242 2851 349 2930 rum,”
365 2851 617 2931 cogitabundus
632 2851 802 2932 subiunxi,
818 2851 909 2932 quod
936 2852 1088 2934 Godfrey
1110 2860 1245 2935 poterat

241 2973 355 3019 secum
380 2961 530 3020 statuere
557 2952 716 3020 ultimum
743 2952 867 3020 intueri
894 2973 1019 3020 arcam.
1056 2952 1247 3033 “Quodam-

243 3051 345 3118 modo
362 3053 528 3134 pollicitus
543 3059 595 3120 est
611 3073 646 3119 se
663 3051 730 3119 huc
745 3059 941 3131 venturum,
964 3053 1022 3121 sed
1048 3060 1082 3121 et
1108 3052 1246 3121 evenire

246 3161 378 3232 poterat
395 3160 433 3219 ut
449 3151 596 3232 graviori
614 3151 762 3232 quodam
778 3152 916 3234 negotio
943 3151 1103 3220 detentus
1126 3152 1246 3220 esset.”

331 3253 502 3319 llomento
518 3259 602 3333 post,
618 3251 792 3319 celeritate
808 3273 876 3333 qua
893 3252 997 3333 pedes
1012 3274 1066 3321 me
1083 3253 1174 3320 ferre
1188 3273 1246 3334 po

246 3360 368 3429 terant,
385 3351 541 3418 deorsum
556 3351 684 3432 gradus
700 3351 764 3430 rui,
780 3352 871 3433 quod
893 3352 1059 3434 pilentum
1083 3351 1248 3421 meritori-

246 3474 304 3517 um
321 3451 477 3518 deorsum
493 3451 642 3519 Plateam
661 3451 875 3533 praetervehi,
890 3461 925 3519 et
951 3452 985 3519 in
1000 3474 1041 3520 eo
1056 3452 1142 3521 duos
1156 3452 1248 3520 viros

247 3551 402 3618 sedentes
417 3551 585 3631 conspexi,
601 3573 727 3632 eosque
743 3550 859 3619 itidem
876 3552 941 3619 iter
957 3551 1052 3633 sequi
1076 3552 1166 3632 quod
1192 3573 1249 3634 pe

245 3652 397 3728 toritum,
414 3659 447 3717 et
464 3650 496 3717 in
514 3651 666 3731 proximo
682 3651 809 3730 angulo
824 3650 959 3719 inflecti.

330 3751 454 3818 Eodem
472 3759 588 3817 autem
607 3760 779 3818 momento
801 3773 870 3833 quo
894 3752 1057 3833 pilentum
1083 3750 1117 3819 in
1142 3772 1247 3819 comu

245 3850 478 3928 evanescebat,
495 3860 672 3917 vectorum
698 3852 784 3918 alter
809 3872 844 3918 se
868 3851 910 3918 ad
926 3872 982 3919 me
997 3851 1164 3919 convertit
1180 3872 1248 3919 ma·

246 3972 368 4062 nuque¹
378 3951 512 4030 signum
529 3951 633 4019 dabat
649 3986 688 3994 -
704 3973 853 4032 eumque
870 3951 1072 4020 lacobellum
1097 3951 1247 4033 Godfrey

245 4072 380 4131 agnovi.
