3150 5468
523 1222 744 1276 mansuras
766 1223 1061 1278 mcmnuovrrcn
1219 1209 1290 1280 ,275

285 1391 399 1459 fertur
412 1390 604 1472 inventum,
620 1412 660 1460 eo
675 1413 798 1474 nempe
825 1392 989 1475 singulari
1005 1392 1142 1462 homine
1158 1393 1217 1476 qui
1232 1415 1290 1463 au·

284 1497 358 1559 ctor
373 1490 492 1559 mortis
508 1490 613 1559 Ducis
628 1491 887 1573 Andegavensis
911 1492 1037 1562 dicitur
1061 1493 1180 1563 tuisse.
1202 1493 1289 1563 Con·

284 1590 392 1659 coctio
407 1589 505 1658 istius
520 1591 654 1672 veneni,
670 1598 710 1659 ut
726 1591 898 1673 proditum
913 1600 975 1672 est,
990 1614 1060 1661 una
1076 1593 1223 1663 habetur
1237 1615 1289 1663 ar·

285 1689 370 1758 tium
387 1711 465 1771 quae
480 1691 638 1772 neglectu
655 1690 911 1773 interciderunt,
927 1692 986 1761 sed
1008 1700 1177 1763 secretum
1200 1693 1287 1764 eius

285 1789 362 1859 dem
378 1790 610 1872 concoquendi
626 1791 670 1860 ab
685 1791 750 1860 isto
771 1791 942 1862 Crochard
958 1792 1084 1863 iterum
1107 1792 1288 1864 inventurn

284 1898 346 1959 est.
369 1889 512 1959 Nullum
527 1892 681 1973 protecto
707 1899 877 1961 secretum
901 1892 945 1962 ab
968 1915 1009 1963 eo
1032 1893 1133 1963 celari
1156 1901 1287 1977 potest;

285 1989 424 2059 historia
439 1991 614 2071 scelerum,
629 1993 862 2061 commentarii
885 1993 1145 2063 malefactorum
1161 2028 1201 2038 -
1214 2015 1288 2077 my·

285 2092 399 2171 steria,
425 2091 656 2159 memorabilia
687 2092 878 2161 facinorum
904 2093 1046 2162 foederis
1070 2094 1246 2176 scelerum,
1268 2116 1287 2164 e

284 2190 416 2260 saeculis
431 2190 589 2273 vigentis,
605 2200 640 2260 et
654 2192 753 2260 cuius
766 2192 982 2262 existentiam
998 2193 1097 2276 pauci
1112 2193 1216 2263 etiarn
1231 2216 1287 2265 su·

284 2290 402 2373 spicati
428 2298 510 2359 sunt
539 2327 572 2335 -
602 2292 681 2361 huic
709 2314 849 2374 prorsus
874 2294 1054 2376 propatula
1075 2293 1149 2364 haec
1162 2303 1287 2365 cuncta

284 2399 374 2459 sunt.
397 2390 497 2460 Hunc
512 2391 561 2460 ita
575 2391 824 2461 formidabilem
839 2393 893 2461 hae
907 2393 1118 2475 cognitiones
1128 2394 1287 2465 reddunt.

285 2489 395 2559 Nemo
424 2499 505 2560 ante
534 2513 614 2560 eum
639 2492 811 2561 consistet.
836 2493 926 2572 Quin
942 2501 978 2561 et
993 2501 1163 2564 secretum
1185 2494 1287 2565 huius

283 2589 386 2660 toruli
401 2598 523 2659 notum
539 2591 569 2659 ei
585 2600 669 2672 erat,
683 2599 719 2660 et
733 2613 842 2673 quum
857 2600 1089 2675 opportunum
1104 2594 1136 2663 ei
1151 2593 1287 2666 videba-

285 2696 352 2770 tur,
369 2711 452 2758 usus
467 2689 571 2758 etiam
586 2712 626 2759 eo
642 2691 741 2759 fuit.”

368 2792 483 2858 Herus
508 2790 608 2871 Pigot
630 2791 826 2873 conquievit
848 2792 959 2874 capite
981 2793 1129 2875 pendulo
1143 2794 1284 2864 medita·

286 2889 432 2968 bundus,
448 2912 512 2971 ego
528 2898 644 2958 autem
661 2891 694 2958 in
711 2892 824 2959 animo
839 2914 917 2961 cum
933 2915 974 2962 eo
990 2915 1051 2976 per
1071 2894 1206 2976 longam
1222 2896 1283 2965 cri·

285 2990 415 3058 minum
428 2991 548 3057 seriem
562 2991 594 3058 in
607 2991 723 3059 dissita
735 3000 889 3074 tempora
901 3001 1132 3062 recurrentem
1142 2995 1223 3064 mihi
1236 3018 1286 3065 re·

284 3098 437 3170 spectare
453 3090 594 3158 videbar
609 3127 648 3134 —
666 3092 781 3160 tristes
795 3093 939 3174 ordines,
966 3102 1142 3176 tamquam
1168 3096 1285 3178 strigae

285 3189 556 3270 Pare-Lachaisc,
572 3191 630 3259 ubi
648 3193 770 3260 tumuli
787 3194 938 3261 tumulos
964 3194 1110 3276 stipant;
1139 3195 1198 3264 ubi
1221 3196 1286 3265 sin·

284 3291 373 3371 gulis
388 3291 462 3359 fere
479 3291 634 3371 passibus
649 3293 797 3374 secretis,
821 3293 1000 3375 mysteriis,
1024 3303 1086 3363 aut
1111 3296 1287 3378 tragoediis

284 3390 501 3458 occurrimus.
525 3390 587 3458 Hic
604 3401 717 3460 tamen
733 3393 894 3473 mysteria
909 3401 1033 3462 cuncta
1047 3403 1146 3463 erant
1161 3397 1286 3465 resolu-

284 3498 329 3570 ta,
344 3498 474 3558 secreta
492 3492 673 3571 patefacta,
690 3493 867 3572 tragoediae
894 3501 1088 3575 perspectae.
1115 3494 1194 3563 Istae
1216 3517 1285 3565 sce·

284 3589 392 3657 lerum
408 3589 570 3671 ambages
596 3592 710 3660 electis
736 3600 872 3660 tantum
899 3593 1095 3662 auctoribus
1119 3595 1284 3664 scelerum

283 3710 403 3757 revera
434 3691 568 3770 magnis
598 3691 772 3772 patebant,
801 3692 933 3760 caetcris
969 3691 1125 3761 omnibus
1160 3694 1285 3764 clausa·

283 3798 390 3857 erant.
415 3789 570 3858 Fortasse
587 3813 628 3858 ex
643 3791 803 3860 omnibus
819 3792 907 3860 vivis
922 3792 1004 3860 nulli
1027 3792 1089 3860 nisi
1114 3792 1284 3863 Crochard

283 3888 402 3957 datum
417 3898 469 3957 est
485 3912 542 3957 eas
558 3890 692 3959 nemine
709 3892 893 3960 lacessente
909 3891 1152 3974 perambulare.

368 3988 522 4057 Visiones
552 3989 751 4071 istiusmodi,
778 3992 927 4073 inquam,
957 3998 1037 4060 ante
1059 3993 1173 4062 oculos
1202 3994 1284 4064 mihi

282 4089 518 4168 versabantur,
535 4091 789 4172 sentiebamque
813 4091 1061 4173 quodammodo
1084 4092 1206 4162 herum
1233 4095 1285 4163 Pi·

282 4197 343 4269 got
358 4210 491 4256 mecum
509 4189 598 4257 idem
614 4191 774 4268 sensisse;
797 4191 855 4258 sed
878 4199 953 4272 post
978 4213 1087 4272 pauca
1111 4202 1283 4263 momenta

282 4287 325 4355 ad
341 4287 538 4356 institutum
556 4310 667 4369 suum,
682 4311 806 4370 arcam,
821 4291 934 4358 animo
951 4291 1059 4359 rediit.

367 4386 500 4468 “Nunc,
518 4388 607 4457 Here
622 4388 768 4469 Simon,”
784 4397 918 4458 mutata
933 4389 1079 4472 denique
1094 4411 1177 4461 voce
1192 4390 1284 4464 hunc

284 4486 425 4569 affatur,
442 4487 489 4556 “si
506 4510 567 4572 pro
582 4498 643 4557 tua
659 4489 872 4559 humanitate
886 4489 977 4560 hunc
991 4490 1143 4561 forulum
1164 4490 1227 4562 hoc
1248 4495 1284 4569 in
