3128 5016
616 1662 767 1732 CAPUT
789 1663 819 1732 X

565 1852 856 1931 Praeporotiones.

294 2032 458 2101 Posrsuo
480 2055 579 2102 mane
596 2034 772 2115 evigilanti
787 2033 869 2100 mihi
887 2033 995 2114 prima
1020 2033 1135 2101 incidit
1158 2055 1211 2102 co-

206 2132 330 2214 gitatio
345 2132 387 2200 de
404 2133 520 2214 Parks,
537 2134 661 2216 quode
678 2134 776 2201 dictis
790 2134 942 2215 actisque
959 2134 1210 2216 Godlreyquae-

207 2233 288 2300 dam
305 2233 492 2301 sollicitudo
507 2234 657 2301 animum
671 2234 753 2300 mihi
767 2234 902 2301 incessit
914 2257 957 2300 ne
971 2234 1077 2301 Parlrs
1089 2235 1122 2301 in
1135 2256 1210 2314 gra·

207 2332 294 2399 viori
311 2341 506 2401 versaretur
521 2333 710 2401 discrimine
727 2356 830 2414 quam
848 2335 919 2401 sive
941 2334 1003 2415 ipsi
1031 2333 1102 2401 sive
1128 2333 1210 2401 mihi

207 2431 321 2499 visum
337 2440 435 2500 esset.
459 2433 686 2514 Quamobrem
703 2434 794 2501 haud
812 2457 933 2514 parum
960 2434 1137 2501 levaminis
1151 2433 1211 2500 mi-

207 2532 243 2599 hi
258 2533 383 2612 attulit,
400 2554 507 2614 quum
523 2533 706 2615 appellanti
722 2556 783 2615 per
794 2533 1014 2615 telephonum
1025 2556 1092 2601 vox
1103 2533 1210 2601 Parks

207 2631 290 2699 mihi
306 2632 541 2714 respondisset.

291 2731 374 2800 “Hic
390 2732 493 2801 herus
520 2733 735 2815 Lesterest,”
762 2734 900 2815 inquam
925 2756 1004 2802 eum
1030 2735 1206 2802 allocutus.

206 2830 436 2911 “Prosperene
451 2833 609 2900 omnia?''

290 2930 432 2999 “Omnia
447 2933 550 3012 salva,
567 2933 613 3000 mi
630 2933 750 3012 Here‚’'
762 2933 1025 3015 ipserespondit.
1051 2933 1206 3001 “Pertra-

204 3038 279 3098 ctor
294 3033 454 3111 egregius
469 3032 522 3099 ille
539 3032 592 3112 sit,
609 3033 667 3114 qui
683 3055 773 3100 nunc
800 3033 854 3101 hic
878 3033 1039 3102 invadere
1065 3033 1207 3100 tentet.’'

290 3130 456 3212 “Quinam
463 3132 499 3201 ?''
514 3154 642 3213 quaero.

290 3229 483 3300 “Relatores
498 3232 636 3301 domum
653 3233 802 3315 undique
818 3234 982 3301 obsident.
1000 3234 1205 3300 Persuasum

203 3332 266 3400 sibi
283 3331 407 3400 habere
422 3332 584 3401 videntur
598 3333 703 3401 alium
725 3356 827 3416 quem
854 3334 952 3402 hodie
980 3333 1033 3401 hic
1058 3335 1205 3401 occisum

202 3432 276 3500 iri.’'

288 3532 369 3601 Haec
395 3532 533 3615 quidem
560 3533 699 3602 ridendo
726 3533 876 3614 protulit,
901 3533 984 3601 mihi
1012 3541 1125 3602 tamen
1151 3534 1204 3603 hic

201 3640 386 3714 conceptus
400 3655 468 3700 non
484 3640 555 3700 tam
571 3633 703 3701 iocosus
718 3655 790 3700 esse
807 3633 997 3702 videbatur.

288 3731 346 3801 “Id
362 3734 522 3801 futurum
539 3733 630 3800 haud
647 3734 776 3814 spero,'’
794 3733 910 3801 statim
927 3735 1094 3815 respondi.
1125 3733 1206 3803 “Ca-

200 3855 246 3900 ve
273 3854 481 3914 quemquam
509 3834 694 3900 relatorum
722 3833 952 3913 intromiseris
979 3842 1039 3902 aut
1062 3857 1139 3901 cum
1166 3834 1206 3901 iis

199 3933 412 4014 colloquaris.
436 3933 612 4013 Responde
629 3933 693 4000 illis
717 3954 751 3999 se
776 3933 818 4000 ad
843 3933 1014 4001 decuriam
1040 3934 1203 4001 lictoriam

200 4033 412 4104 sciscitatum
438 4033 594 4102 conferre
621 4040 787 4115 oportere.
825 4033 859 4102 Si
886 4056 967 4102 vero
984 4041 1017 4102 te
1033 4034 1133 4103 nimis
1148 4057 1201 4102 ve·
