3128 5016
334 802 397 873 1³0
594 819 809 874 ursrmruu
830 819 938 875 nucu
959 813 1077 875 nourr

419 984 583 1057 “Factum
592 989 675 1070 est,''
686 988 744 1057 ait.
757 987 969 1059 “Simmonds
976 988 1063 1058 duos
1077 1010 1120 1058 ex
1136 989 1271 1072 optimis
1285 1009 1340 1058 su·

334 1087 364 1157 is
379 1087 505 1170 delegit
520 1087 563 1157 ad
578 1088 665 1158 hanc
680 1088 820 1158 domum
835 1089 1123 1159 custodiendam.”
1145 1088 1260 1159 Pauca
1269 1111 1340 1158 mo-

335 1195 452 1257 menta
461 1194 556 1257 stans
563 1188 795 1258 demirabatur
803 1210 928 1258 arcam.
938 1188 1042 1259 “Cras
1056 1210 1157 1258 mane
1171 1188 1287 1258 redibo
1295 1187 1339 1258 ad

335 1287 460 1357 iterum
476 1288 712 1369 tentandum‚''
729 1289 959 1372 prosequitur;
972 1289 1129 1358 “interim
1144 1288 1338 1358 manutium

334 1388 592 1471 cataphractum
607 1389 642 1457 in
658 1388 739 1458 sella
755 1389 885 1473 reliqui,
903 1389 931 1458 si
947 1390 1093 1459 sortasse
1109 1397 1149 1458 tu
1165 1389 1246 1473 ipse,
1263 1388 1340 1458 Les·

335 1494 399 1569 ter,
415 1495 549 1557 tentare
564 1488 669 1557 velles
684 1543 692 1556 .
710 1544 717 1557 .
735 1489 765 1557 .''

420 1604 494 1674 “Dii
516 1605 657 1674 meliora
667 1605 695 1673 !”
717 1605 923 1675 obtestabar.
957 1605 1119 1676 “Interim
1148 1605 1257 1675 satius
1276 1605 1340 1674 erit

336 1705 444 1775 Parks
458 1706 500 1775 de
516 1713 577 1775 tuo
592 1706 745 1775 adventu
760 1706 911 1788 edocere,
927 1713 967 1776 ut
981 1713 1016 1776 te
1030 1706 1247 1776 intromittat.
1271 1704 1339 1775 Fu·

335 1813 454 1875 turum
469 1827 569 1889 spero
583 1814 623 1876 ut
638 1813 684 1887 te,
700 1806 862 1888 Godfrey,
876 1828 944 1875 non
960 1806 1108 1876 cadaver
1133 1806 1186 1876 bic
1213 1812 1343 1889 postra-

336 1912 412 1975 tum
428 1906 599 1975 inveniam
609 1905 638 1975 !’'

420 2021 536 2092 “Idem
550 2031 586 2092 et
600 2022 684 2106 ego!
706 2023 784 2092 Non
811 2029 925 2092 tamen
941 2023 975 2093 id
990 2023 1151 2094 futurum
1172 2029 1341 2107 exspecto.

337 2123 440 2193 Recte
464 2145 600 2204 mones;
633 2123 687 2192 dic
712 2122 830 2203 Parks
854 2123 963 2205 sodes,
978 2131 1019 2193 ut
1033 2145 1099 2205 me,
1121 2123 1341 2207 quandocun-

336 2245 404 2306 que
417 2245 555 2306 venero,
571 2223 787 2293 intromittat
811 2222 845 2291 N
846 2245 913 2293 unc
928 2244 1012 2293 vero
1026 2223 1068 2294 de
1083 2223 1243 2307 Rogem’*

421 2322 532 2407 “Quid
547 2323 590 2393 de
606 2322 691 2392 eo?’'

420 2441 527 2510 “Rem
556 2462 691 2510 mecum
717 2440 957 2524 perpendendo
982 2440 1092 2524 reperi
1117 2440 1276 2524 expedire
1301 2447 1343 2510 ut

337 2561 418 2610 eum
432 2541 496 2610 hac
511 2562 654 2624 vespera
669 2540 916 2623 quaestionibus
929 2562 1083 2623 urgeam.
1113 2539 1179 2610 Sed
1194 2541 1342 2610 tortasse

337 2640 514 2723 prestabit
529 2639 635 2709 donec
651 2640 750 2723 plura
772 2661 974 2722 congessero
999 2639 1228 2723 exspectare.”
1260 2639 1342 2709 Post

338 2739 477 2809 brevem
492 2740 536 2810 ad
551 2739 771 2823 cogitandum
796 2761 937 2821 moram,
964 2738 1019 2809 “id
1042 2740 1198 2821 faciam,”
1222 2739 1344 2823 inquit,

338 2838 571 2923 “exspectabo
594 2840 647 2909 Ne
663 2861 784 2921 errem,
801 2861 979 2923 perperam
994 2839 1076 2908 nihil
1091 2839 1249 2908 faciam.”

422 2957 551 3027 Deinde
566 2978 636 3025 una
657 2957 692 3026 in
714 2957 882 3026 ambitum
908 2956 1129 3039 prodivimus,
1155 2956 1342 3040 monuique

337 3057 445 3127 Parks
460 3065 499 3127 ut
515 3057 676 3139 Godfrey,
692 3056 965 3140 quandocunque
981 3056 1122 3126 domum
1133 3056 1262 3126 intrare
1272 3056 1344 3126 vel·

337 3157 395 3239 let,
410 3157 618 3228 admitteret.
635 3157 765 3240 Rogers
781 3178 889 3238 usque
904 3157 939 3225 in
954 3156 1088 3226 cumula
1103 3155 1244 3226 sedebat
1259 3155 1344 3225 adeo

337 3265 481 3327 moestus
495 3280 534 3326 ac
549 3257 711 3338 deiectus,
726 3265 766 3326 ut
781 3256 855 3326 eius
870 3256 1131 3326 miserescerem.
1142 3256 1282 3326 Interim
1293 3278 1345 3326 re·

337 3357 491 3441 putando
505 3379 639 3426 mecum
655 3357 844 3440 perspicere
859 3356 946 3439 coepi
968 3363 1004 3425 et
1025 3363 1222 3439 exspectare
1246 3357 1343 3426 iutu-

338 3479 425 3540 rum,
442 3464 482 3526 ut
498 3457 638 3540 Rogers,
654 3456 819 3539 quidquid
834 3455 879 3524 ab
903 3477 944 3524 eo
970 3455 1092 3525 rescire
1118 3455 1293 3537 vellemus,
1314 3455 1342 3525 si

337 3557 438 3628 modo
453 3557 556 3626 unius
571 3557 636 3625 diei
651 3565 713 3626 aut
728 3557 876 3626 duorum
892 3578 1021 3625 moram
1036 3555 1340 3639 interponeremus,

340 3657 424 3741 quin
439 3679 602 3740 cogamus
617 3678 680 3726 sua
694 3664 814 3739 sponte
830 3657 987 3726 fassurus
1007 3663 1106 3739 esset,
1122 3655 1232 3740 siquid
1248 3677 1270 3726 a
1283 3677 1345 3726 no·

343 3757 394 3828 bis
403 3758 554 3828 celasset

423 3875 518 3944 Hanc
534 3896 645 3944 meam
661 3873 864 3945 sententiam
895 3896 955 3957 per
982 3872 1111 3957 gradus
1135 3871 1344 3944 descendeus

339 3974 489 4058 Godfrey
505 3975 634 4058 aperui.

421 4090 546 4167 “Recte
568 4092 715 4166 tortasse
738 4112 780 4165 ea
804 4089 907 4166 dere
930 4090 1066 4178 sentis,”
1094 4088 1240 4179 putabat
1260 4089 1343 4176 ipse,
