<?xml version="1.0" encoding="UTF-8"?>
<!DOCTYPE html PUBLIC "-//W3C//DTD XHTML 1.0 Transitional//EN"
    "http://www.w3.org/TR/xhtml1/DTD/xhtml1-transitional.dtd">
<html xmlns="http://www.w3.org/1999/xhtml" xml:lang="en" lang="en">
 <head>
  <title>
</title>
<meta http-equiv="Content-Type" content="text/html;charset=utf-8" />
  <meta name='ocr-system' content='tesseract 3.04.00' />
  <meta name='ocr-capabilities' content='ocr_page ocr_carea ocr_par ocr_line ocrx_word'/>
</head>
<body>
  <div class='ocr_page' id='page_1' title='image "./mysteriumarcbou00stevgoog/mysteriumarcbou00stevgoog_0227.png"; bbox 0 0 3150 5468; ppageno 0'>
   <div class='ocr_carea' id='block_1_1' title="bbox 696 1212 1289 1284">
    <p class='ocr_par' dir='ltr' id='par_1_1' title="bbox 696 1212 1289 1284">
     <span class='ocr_line' id='line_1_1' title="bbox 696 1212 1289 1284; baseline 0.003 -2"><span class='ocrx_word' id='word_1_1' title='bbox 696 1228 880 1284; x_wconf 72' lang='lat' dir='ltr'>sirucruu</span> <span class='ocrx_word' id='word_1_2' title='bbox 1226 1212 1289 1284; x_wconf 88' lang='grc'>215</span> 
     </span>
    </p>
   </div>
   <div class='ocr_carea' id='block_1_2' title="bbox 282 1395 1288 2184">
    <p class='ocr_par' dir='ltr' id='par_1_2' title="bbox 284 1395 1284 1580">
     <span class='ocr_line' id='line_1_2' title="bbox 367 1395 1284 1480; baseline -0.002 -12"><span class='ocrx_word' id='word_1_3' title='bbox 367 1397 496 1468; x_wconf 87' lang='lat' dir='ltr'>“Eccur</span> <span class='ocrx_word' id='word_1_4' title='bbox 512 1398 641 1467; x_wconf 86' lang='lat' dir='ltr'>iacebat</span> <span class='ocrx_word' id='word_1_5' title='bbox 656 1397 720 1466; x_wconf 90' lang='lat' dir='ltr'>illic</span> <span class='ocrx_word' id='word_1_6' title='bbox 736 1397 886 1467; x_wconf 85' lang='lat' dir='ltr'>Arrnand</span> <span class='ocrx_word' id='word_1_7' title='bbox 909 1405 980 1468; x_wconf 83' lang='lat' dir='ltr'>tarn</span> <span class='ocrx_word' id='word_1_8' title='bbox 1005 1397 1164 1480; x_wconf 78' lang='lat' dir='ltr'>quietet”</span> <span class='ocrx_word' id='word_1_9' title='bbox 1192 1395 1284 1467; x_wconf 89' lang='lat' dir='ltr'>deni·</span> 
     </span>
     <span class='ocr_line' id='line_1_3' title="bbox 284 1497 859 1580; baseline 0 -14"><span class='ocrx_word' id='word_1_10' title='bbox 284 1520 351 1579; x_wconf 82' lang='lat' dir='ltr'>que</span> <span class='ocrx_word' id='word_1_11' title='bbox 367 1499 494 1580; x_wconf 76' lang='lat' dir='ltr'>rogavi.</span> <span class='ocrx_word' id='word_1_12' title='bbox 518 1498 663 1567; x_wconf 85' lang='lat' dir='ltr'>“Fuitne</span> <span class='ocrx_word' id='word_1_13' title='bbox 679 1497 859 1567; x_wconf 81' lang='lat' dir='ltr'>saucius?”</span> 
     </span>
    </p>

    <p class='ocr_par' dir='ltr' id='par_1_3' title="bbox 364 1598 1021 1680">
     <span class='ocr_line' id='line_1_4' title="bbox 364 1598 1021 1680; baseline -0.003 -12"><span class='ocrx_word' id='word_1_14' title='bbox 364 1600 513 1680; x_wconf 86' lang='lat' dir='ltr'>Godfrey</span> <span class='ocrx_word' id='word_1_15' title='bbox 530 1599 595 1668; x_wconf 88' lang='lat' dir='ltr'>leni</span> <span class='ocrx_word' id='word_1_16' title='bbox 611 1606 706 1667; x_wconf 87' lang='lat' dir='ltr'>motu</span> <span class='ocrx_word' id='word_1_17' title='bbox 723 1620 827 1667; x_wconf 89' lang='lat' dir='ltr'>comu</span> <span class='ocrx_word' id='word_1_18' title='bbox 842 1598 1021 1667; x_wconf 83' lang='lat' dir='ltr'><strong>indicabat.</strong></span> 
     </span>
    </p>

    <p class='ocr_par' dir='ltr' id='par_1_4' title="bbox 367 1698 876 1781">
     <span class='ocr_line' id='line_1_5' title="bbox 367 1698 876 1781; baseline -0.002 -14"><span class='ocrx_word' id='word_1_19' title='bbox 367 1700 412 1780; x_wconf 85' lang='lat'>“1,</span> <span class='ocrx_word' id='word_1_20' title='bbox 427 1699 504 1768; x_wconf 91' lang='lat' dir='ltr'>vide</span> <span class='ocrx_word' id='word_1_21' title='bbox 520 1709 559 1768; x_wconf 91' lang='lat' dir='ltr'>tu</span> <span class='ocrx_word' id='word_1_22' title='bbox 575 1700 678 1781; x_wconf 84' lang='lat' dir='ltr'>ipse‚’&#39;</span> <span class='ocrx_word' id='word_1_23' title='bbox 694 1698 876 1781; x_wconf 79' lang='lat' dir='ltr'>respondit</span> 
     </span>
    </p>

    <p class='ocr_par' dir='ltr' id='par_1_5' title="bbox 282 1815 1288 2184">
     <span class='ocr_line' id='line_1_6' title="bbox 365 1815 1285 1898; baseline 0.002 -14"><span class='ocrx_word' id='word_1_24' title='bbox 365 1817 500 1898; x_wconf 79' lang='lat' dir='ltr'>Aliquid</span> <span class='ocrx_word' id='word_1_25' title='bbox 517 1817 612 1885; x_wconf 87' lang='lat' dir='ltr'>iuxta</span> <span class='ocrx_word' id='word_1_26' title='bbox 628 1817 792 1898; x_wconf 83' lang='lat' dir='ltr'>parietem</span> <span class='ocrx_word' id='word_1_27' title='bbox 805 1815 934 1884; x_wconf 86' lang='lat' dir='ltr'>iacebat</span> <span class='ocrx_word' id='word_1_28' title='bbox 946 1837 986 1884; x_wconf 90' lang='lat' dir='ltr'>eo</span> <span class='ocrx_word' id='word_1_29' title='bbox 1000 1815 1035 1885; x_wconf 89' lang='lat' dir='ltr'>in</span> <span class='ocrx_word' id='word_1_30' title='bbox 1052 1815 1123 1885; x_wconf 87' lang='lat' dir='ltr'>loco</span> <span class='ocrx_word' id='word_1_31' title='bbox 1138 1815 1196 1886; x_wconf 91' lang='lat' dir='ltr'>ubi</span> <span class='ocrx_word' id='word_1_32' title='bbox 1208 1837 1285 1887; x_wconf 81' lang='lat' dir='ltr'>eam</span> 
     </span>
     <span class='ocr_line' id='line_1_7' title="bbox 285 1915 1288 1999; baseline 0.003 -15"><span class='ocrx_word' id='word_1_33' title='bbox 285 1915 430 1995; x_wconf 59' lang='lat' dir='ltr'>figuram</span> <span class='ocrx_word' id='word_1_34' title='bbox 447 1917 608 1997; x_wconf 84' lang='lat' dir='ltr'>videram,</span> <span class='ocrx_word' id='word_1_35' title='bbox 632 1924 666 1984; x_wconf 89' lang='lat' dir='ltr'>et</span> <span class='ocrx_word' id='word_1_36' title='bbox 692 1924 732 1984; x_wconf 93' lang='lat' dir='ltr'>ut</span> <span class='ocrx_word' id='word_1_37' title='bbox 757 1915 946 1998; x_wconf 86' lang='lat' dir='ltr'>proclinans</span> <span class='ocrx_word' id='word_1_38' title='bbox 972 1923 1096 1998; x_wconf 85' lang='lat' dir='ltr'>specto,</span> <span class='ocrx_word' id='word_1_39' title='bbox 1121 1937 1288 1999; x_wconf 80' lang='lat' dir='ltr'>magnum</span> 
     </span>
     <span class='ocr_line' id='line_1_8' title="bbox 282 2015 1286 2097; baseline 0.004 -15"><span class='ocrx_word' id='word_1_40' title='bbox 282 2017 517 2084; x_wconf 79' lang='lat' dir='ltr'>animadverto</span> <span class='ocrx_word' id='word_1_41' title='bbox 548 2024 630 2097; x_wconf 89' lang='lat' dir='ltr'>rete,</span> <span class='ocrx_word' id='word_1_42' title='bbox 661 2015 830 2085; x_wconf 86' lang='lat' dir='ltr'>subtiliter</span> <span class='ocrx_word' id='word_1_43' title='bbox 861 2022 1005 2097; x_wconf 84' lang='lat' dir='ltr'>textum,</span> <span class='ocrx_word' id='word_1_44' title='bbox 1034 2015 1094 2085; x_wconf 85' lang='lat' dir='ltr'>sed</span> <span class='ocrx_word' id='word_1_45' title='bbox 1124 2016 1286 2087; x_wconf 85' lang='lat' dir='ltr'>validissi-</span> 
     </span>
     <span class='ocr_line' id='line_1_9' title="bbox 287 2138 391 2184; baseline 0.01 -1"><span class='ocrx_word' id='word_1_46' title='bbox 287 2138 391 2184; x_wconf 88' lang='lat' dir='ltr'>mum.</span> 
     </span>
    </p>
   </div>
   <div class='ocr_carea' id='block_1_3' title="bbox 281 2231 1285 2616">
    <p class='ocr_par' dir='ltr' id='par_1_6' title="bbox 281 2231 1285 2616">
     <span class='ocr_line' id='line_1_10' title="bbox 367 2231 1285 2315; baseline 0.002 -14"><span class='ocrx_word' id='word_1_47' title='bbox 367 2233 484 2301; x_wconf 84' lang='lat' dir='ltr'>“Istud</span> <span class='ocrx_word' id='word_1_48' title='bbox 501 2234 604 2311; x_wconf 84' lang='lat' dir='ltr'>rete,’&#39;</span> <span class='ocrx_word' id='word_1_49' title='bbox 620 2233 729 2315; x_wconf 89' lang='lat' dir='ltr'>inquit</span> <span class='ocrx_word' id='word_1_50' title='bbox 746 2231 907 2314; x_wconf 82' lang='lat' dir='ltr'>Godfrey,</span> <span class='ocrx_word' id='word_1_51' title='bbox 924 2231 1005 2315; x_wconf 86' lang='lat' dir='ltr'>“per</span> <span class='ocrx_word' id='word_1_52' title='bbox 1018 2233 1148 2315; x_wconf 83' lang='lat' dir='ltr'>gradus</span> <span class='ocrx_word' id='word_1_53' title='bbox 1170 2254 1285 2303; x_wconf 85' lang='lat' dir='ltr'>ascen·</span> 
     </span>
     <span class='ocr_line' id='line_1_11' title="bbox 282 2333 1283 2414; baseline 0.004 -15"><span class='ocrx_word' id='word_1_54' title='bbox 282 2334 375 2401; x_wconf 86' lang='lat' dir='ltr'>denti</span> <span class='ocrx_word' id='word_1_55' title='bbox 393 2333 543 2401; x_wconf 80' lang='lat' dir='ltr'>Armand</span> <span class='ocrx_word' id='word_1_56' title='bbox 560 2334 659 2414; x_wconf 81' lang='lat' dir='ltr'>capiti</span> <span class='ocrx_word' id='word_1_57' title='bbox 677 2334 837 2401; x_wconf 89' lang='lat' dir='ltr'>iniectum</span> <span class='ocrx_word' id='word_1_58' title='bbox 864 2341 926 2413; x_wconf 83' lang='lat' dir='ltr'>est,</span> <span class='ocrx_word' id='word_1_59' title='bbox 953 2341 1014 2402; x_wconf 89' lang='lat' dir='ltr'>aut</span> <span class='ocrx_word' id='word_1_60' title='bbox 1040 2354 1122 2402; x_wconf 91' lang='lat' dir='ltr'>vero</span> <span class='ocrx_word' id='word_1_61' title='bbox 1145 2333 1283 2404; x_wconf 88' lang='lat' dir='ltr'>cubicu-</span> 
     </span>
     <span class='ocr_line' id='line_1_12' title="bbox 282 2433 1285 2516; baseline 0.003 -15"><span class='ocrx_word' id='word_1_62' title='bbox 282 2435 351 2501; x_wconf 85' lang='lat' dir='ltr'>lum</span> <span class='ocrx_word' id='word_1_63' title='bbox 369 2435 507 2502; x_wconf 81' lang='lat' dir='ltr'>intranti</span> <span class='ocrx_word' id='word_1_64' title='bbox 524 2434 787 2502; x_wconf 87' lang='lat' dir='ltr'>circumiectum.</span> <span class='ocrx_word' id='word_1_65' title='bbox 811 2433 901 2501; x_wconf 86' lang='lat' dir='ltr'>Tum</span> <span class='ocrx_word' id='word_1_66' title='bbox 917 2433 981 2514; x_wconf 86' lang='lat' dir='ltr'>hic,</span> <span class='ocrx_word' id='word_1_67' title='bbox 996 2434 1055 2516; x_wconf 78' lang='lat' dir='ltr'>qui</span> <span class='ocrx_word' id='word_1_68' title='bbox 1071 2434 1171 2504; x_wconf 88' lang='lat' dir='ltr'><strong>modo</strong></span> <span class='ocrx_word' id='word_1_69' title='bbox 1197 2456 1285 2504; x_wconf 90' lang='lat' dir='ltr'>mor·</span> 
     </span>
     <span class='ocr_line' id='line_1_13' title="bbox 281 2532 1284 2616; baseline 0.003 -15"><span class='ocrx_word' id='word_1_70' title='bbox 281 2544 364 2602; x_wconf 90' lang='lat' dir='ltr'>tuus</span> <span class='ocrx_word' id='word_1_71' title='bbox 379 2536 475 2612; x_wconf 87' lang='lat' dir='ltr'>iacet,</span> <span class='ocrx_word' id='word_1_72' title='bbox 491 2556 526 2601; x_wconf 87' lang='lat' dir='ltr'>se</span> <span class='ocrx_word' id='word_1_73' title='bbox 542 2535 574 2601; x_wconf 90' lang='lat' dir='ltr'>in</span> <span class='ocrx_word' id='word_1_74' title='bbox 591 2555 669 2602; x_wconf 88' lang='lat' dir='ltr'>eum</span> <span class='ocrx_word' id='word_1_75' title='bbox 687 2532 920 2614; x_wconf 71' lang='lat' dir='ltr'>prueipitavit</span> <span class='ocrx_word' id='word_1_76' title='bbox 947 2534 1100 2616; x_wconf 82' lang='lat' dir='ltr'>funeque</span> <span class='ocrx_word' id='word_1_77' title='bbox 1124 2556 1204 2604; x_wconf 90' lang='lat' dir='ltr'>eum</span> <span class='ocrx_word' id='word_1_78' title='bbox 1226 2533 1284 2604; x_wconf 84' lang='lat' dir='ltr'>ob</span> 
     </span>
    </p>
   </div>
   <div class='ocr_carea' id='block_1_4' title="bbox 275 2634 1282 3966">
    <p class='ocr_par' dir='ltr' id='par_1_7' title="bbox 282 2634 654 2713">
     <span class='ocr_line' id='line_1_14' title="bbox 282 2634 654 2713; baseline 0.008 -15"><span class='ocrx_word' id='word_1_79' title='bbox 282 2635 385 2701; x_wconf 77' lang='lat' dir='ltr'>volvit</span> <span class='ocrx_word' id='word_1_80' title='bbox 404 2643 438 2701; x_wconf 87' lang='lat' dir='ltr'>et</span> <span class='ocrx_word' id='word_1_81' title='bbox 454 2634 654 2713; x_wconf 51' lang='lat' dir='ltr'>colligavit?</span> 
     </span>
    </p>

    <p class='ocr_par' dir='ltr' id='par_1_8' title="bbox 279 2750 1281 2919">
     <span class='ocr_line' id='line_1_15' title="bbox 366 2750 1281 2831; baseline 0.003 -13"><span class='ocrx_word' id='word_1_82' title='bbox 366 2751 505 2818; x_wconf 77' lang='lat' dir='ltr'>{ictibus</span> <span class='ocrx_word' id='word_1_83' title='bbox 522 2751 671 2828; x_wconf 85' lang='lat' dir='ltr'>retrusis,</span> <span class='ocrx_word' id='word_1_84' title='bbox 699 2772 842 2831; x_wconf 84' lang='lat' dir='ltr'>parvum</span> <span class='ocrx_word' id='word_1_85' title='bbox 868 2751 901 2819; x_wconf 92' lang='lat' dir='ltr'>in</span> <span class='ocrx_word' id='word_1_86' title='bbox 926 2750 1079 2820; x_wconf 88' lang='lat' dir='ltr'>tabulato</span> <span class='ocrx_word' id='word_1_87' title='bbox 1104 2751 1281 2821; x_wconf 88' lang='lat' dir='ltr'>cumulum</span> 
     </span>
     <span class='ocr_line' id='line_1_16' title="bbox 279 2851 908 2919; baseline 0.003 -2"><span class='ocrx_word' id='word_1_88' title='bbox 279 2851 502 2919; x_wconf 79' lang='lat' dir='ltr'>animadverti</span> <span class='ocrx_word' id='word_1_89' title='bbox 519 2851 667 2918; x_wconf 75' lang='lat' dir='ltr'>seritium</span> <span class='ocrx_word' id='word_1_90' title='bbox 685 2851 908 2919; x_wconf 84' lang='lat' dir='ltr'>discissurum.</span> 
     </span>
    </p>

    <p class='ocr_par' dir='ltr' id='par_1_9' title="bbox 277 2968 1282 3337">
     <span class='ocr_line' id='line_1_17' title="bbox 363 2968 1278 3050; baseline 0.004 -15"><span class='ocrx_word' id='word_1_91' title='bbox 363 2970 527 3036; x_wconf 84' lang='lat' dir='ltr'>“Prorsus</span> <span class='ocrx_word' id='word_1_92' title='bbox 543 2969 619 3047; x_wconf 85' lang='lat' dir='ltr'>ita,”</span> <span class='ocrx_word' id='word_1_93' title='bbox 636 2969 801 3036; x_wconf 85' lang='lat' dir='ltr'>assentior</span> <span class='ocrx_word' id='word_1_94' title='bbox 815 2991 890 3050; x_wconf 75' lang='lat' dir='ltr'>ego,</span> <span class='ocrx_word' id='word_1_95' title='bbox 915 2969 1026 3038; x_wconf 88' lang='lat' dir='ltr'>“certe</span> <span class='ocrx_word' id='word_1_96' title='bbox 1042 2968 1070 3038; x_wconf 94' lang='lat' dir='ltr'>is</span> <span class='ocrx_word' id='word_1_97' title='bbox 1085 2968 1216 3038; x_wconf 89' lang='lat' dir='ltr'>viribus</span> <span class='ocrx_word' id='word_1_98' title='bbox 1235 2970 1278 3040; x_wconf 89' lang='lat' dir='ltr'>ad</span> 
     </span>
     <span class='ocr_line' id='line_1_18' title="bbox 279 3069 1279 3152; baseline 0.002 -15"><span class='ocrx_word' id='word_1_99' title='bbox 279 3070 309 3137; x_wconf 86' lang='lat' dir='ltr'>id</span> <span class='ocrx_word' id='word_1_100' title='bbox 328 3070 532 3138; x_wconf 85' lang='lat' dir='ltr'>moliendum</span> <span class='ocrx_word' id='word_1_101' title='bbox 550 3078 707 3150; x_wconf 79' lang='lat' dir='ltr'>parerat.</span> <span class='ocrx_word' id='word_1_102' title='bbox 731 3069 862 3148; x_wconf 86' lang='lat' dir='ltr'><strong>Nonne,</strong></span> <span class='ocrx_word' id='word_1_103' title='bbox 876 3070 1036 3152; x_wconf 88' lang='lat' dir='ltr'>Godirey,</span> <span class='ocrx_word' id='word_1_104' title='bbox 1052 3077 1195 3138; x_wconf 84' lang='lat' dir='ltr'>staturae</span> <span class='ocrx_word' id='word_1_105' title='bbox 1209 3091 1279 3140; x_wconf 80' lang='lat' dir='ltr'>ma·</span> 
     </span>
     <span class='ocr_line' id='line_1_19' title="bbox 277 3168 1282 3251; baseline 0.003 -15"><span class='ocrx_word' id='word_1_106' title='bbox 277 3169 489 3249; x_wconf 61' lang='lat' dir='ltr'>gnitudinem</span> <span class='ocrx_word' id='word_1_107' title='bbox 514 3169 616 3236; x_wconf 88' lang='lat' dir='ltr'>huius</span> <span class='ocrx_word' id='word_1_108' title='bbox 646 3168 940 3237; x_wconf 79' lang='lat' dir='ltr'>animadvertisti?</span> <span class='ocrx_word' id='word_1_109' title='bbox 969 3170 1073 3251; x_wconf 78' lang='lat' dir='ltr'>Gigas</span> <span class='ocrx_word' id='word_1_110' title='bbox 1094 3168 1184 3238; x_wconf 89' lang='lat' dir='ltr'>enim</span> <span class='ocrx_word' id='word_1_111' title='bbox 1207 3168 1282 3240; x_wconf 82' lang='lat' dir='ltr'>fere</span> 
     </span>
     <span class='ocr_line' id='line_1_20' title="bbox 279 3269 389 3337; baseline -0.018 0"><span class='ocrx_word' id='word_1_112' title='bbox 279 3271 349 3337; x_wconf 81' lang='lat' dir='ltr'>suit</span> <span class='ocrx_word' id='word_1_113' title='bbox 361 3269 389 3335; x_wconf 83' lang='lat'>!&#39;&#39;</span> 
     </span>
    </p>

    <p class='ocr_par' dir='ltr' id='par_1_10' title="bbox 275 3384 1282 3966">
     <span class='ocr_line' id='line_1_21' title="bbox 360 3384 1278 3469; baseline 0.001 -15"><span class='ocrx_word' id='word_1_114' title='bbox 360 3387 509 3454; x_wconf 82' lang='lat' dir='ltr'>“Tamen</span> <span class='ocrx_word' id='word_1_115' title='bbox 525 3385 587 3452; x_wconf 87' lang='lat' dir='ltr'>nisi</span> <span class='ocrx_word' id='word_1_116' title='bbox 605 3385 754 3452; x_wconf 78' lang='lat' dir='ltr'>Armand</span> <span class='ocrx_word' id='word_1_117' title='bbox 772 3385 804 3453; x_wconf 91' lang='lat' dir='ltr'>id</span> <span class='ocrx_word' id='word_1_118' title='bbox 820 3385 992 3464; x_wconf 84' lang='lat' dir='ltr'>voluisset,</span> <span class='ocrx_word' id='word_1_119' title='bbox 1006 3384 1060 3453; x_wconf 89' lang='lat' dir='ltr'>hic</span> <span class='ocrx_word' id='word_1_120' title='bbox 1071 3384 1104 3454; x_wconf 93' lang='lat' dir='ltr'>id</span> <span class='ocrx_word' id='word_1_121' title='bbox 1116 3386 1210 3455; x_wconf 87' lang='lat' dir='ltr'>nuilo</span> <span class='ocrx_word' id='word_1_122' title='bbox 1220 3407 1278 3469; x_wconf 77' lang='lat' dir='ltr'>pu·</span> 
     </span>
     <span class='ocr_line' id='line_1_22' title="bbox 275 3484 1276 3569; baseline 0.001 -14"><span class='ocrx_word' id='word_1_123' title='bbox 275 3497 330 3555; x_wconf 79' lang='lat' dir='ltr'>cto</span> <span class='ocrx_word' id='word_1_124' title='bbox 347 3487 505 3569; x_wconf 77' lang='lat' dir='ltr'>perficere</span> <span class='ocrx_word' id='word_1_125' title='bbox 522 3485 717 3567; x_wconf 49' lang='lat' dir='ltr'>intuisset?</span> <span class='ocrx_word' id='word_1_126' title='bbox 742 3485 846 3552; x_wconf 84' lang='lat' dir='ltr'>refert</span> <span class='ocrx_word' id='word_1_127' title='bbox 863 3484 1013 3567; x_wconf 84' lang='lat' dir='ltr'>Godirey</span> <span class='ocrx_word' id='word_1_128' title='bbox 1025 3484 1183 3554; x_wconf 88' lang='lat' dir='ltr'>breviter.</span> <span class='ocrx_word' id='word_1_129' title='bbox 1207 3485 1276 3556; x_wconf 88' lang='lat' dir='ltr'>“Ut</span> 
     </span>
     <span class='ocr_line' id='line_1_23' title="bbox 277 3583 1280 3668; baseline 0.004 -16"><span class='ocrx_word' id='word_1_130' title='bbox 277 3588 398 3664; x_wconf 84' lang='lat' dir='ltr'>vidisti,</span> <span class='ocrx_word' id='word_1_131' title='bbox 416 3587 484 3667; x_wconf 79' lang='lat' dir='ltr'>ipse</span> <span class='ocrx_word' id='word_1_132' title='bbox 501 3586 592 3652; x_wconf 79' lang='lat' dir='ltr'>nulio</span> <span class='ocrx_word' id='word_1_133' title='bbox 609 3606 746 3666; x_wconf 82' lang='lat' dir='ltr'>prorsus</span> <span class='ocrx_word' id='word_1_134' title='bbox 772 3584 885 3653; x_wconf 85' lang='lat' dir='ltr'>labore</span> <span class='ocrx_word' id='word_1_135' title='bbox 901 3606 936 3652; x_wconf 86' lang='lat' dir='ltr'>se</span> <span class='ocrx_word' id='word_1_136' title='bbox 952 3583 1109 3666; x_wconf 83' lang='lat' dir='ltr'>eripuit,”</span> <span class='ocrx_word' id='word_1_137' title='bbox 1133 3585 1280 3668; x_wconf 80' lang='lat' dir='ltr'>explicat</span> 
     </span>
     <span class='ocr_line' id='line_1_24' title="bbox 275 3683 1276 3767; baseline 0.001 -15"><span class='ocrx_word' id='word_1_138' title='bbox 275 3687 435 3767; x_wconf 58' lang='lat' dir='ltr'>(iodtreu</span> <span class='ocrx_word' id='word_1_139' title='bbox 453 3687 514 3752; x_wconf 84' lang='lat' dir='ltr'>reti</span> <span class='ocrx_word' id='word_1_140' title='bbox 532 3684 675 3762; x_wconf 83' lang='lat' dir='ltr'>sublato,</span> <span class='ocrx_word' id='word_1_141' title='bbox 704 3705 847 3764; x_wconf 80' lang='lat' dir='ltr'>magnas</span> <span class='ocrx_word' id='word_1_142' title='bbox 875 3685 908 3751; x_wconf 88' lang='lat' dir='ltr'>in</span> <span class='ocrx_word' id='word_1_143' title='bbox 935 3705 975 3752; x_wconf 89' lang='lat' dir='ltr'>eo</span> <span class='ocrx_word' id='word_1_144' title='bbox 1001 3683 1139 3752; x_wconf 76' lang='lat' dir='ltr'>fissuras</span> <span class='ocrx_word' id='word_1_145' title='bbox 1163 3692 1276 3753; x_wconf 89' lang='lat' dir='ltr'>osten·</span> 
     </span>
     <span class='ocr_line' id='line_1_25' title="bbox 280 3782 1282 3867; baseline -0.002 -13"><span class='ocrx_word' id='word_1_146' title='bbox 280 3799 366 3854; x_wconf 79' lang='lat' dir='ltr'>tuns.</span> <span class='ocrx_word' id='word_1_147' title='bbox 384 3786 501 3853; x_wconf 83' lang='lat' dir='ltr'>“Viam</span> <span class='ocrx_word' id='word_1_148' title='bbox 515 3784 586 3863; x_wconf 84' lang='lat' dir='ltr'>sibi,</span> <span class='ocrx_word' id='word_1_149' title='bbox 596 3784 678 3851; x_wconf 87' lang='lat' dir='ltr'>dum</span> <span class='ocrx_word' id='word_1_150' title='bbox 688 3783 732 3851; x_wconf 91' lang='lat' dir='ltr'>ibi</span> <span class='ocrx_word' id='word_1_151' title='bbox 741 3783 880 3863; x_wconf 76' lang='lat' dir='ltr'>iacebat</span> <span class='ocrx_word' id='word_1_152' title='bbox 893 3791 964 3852; x_wconf 89' lang='lat' dir='ltr'>rete</span> <span class='ocrx_word' id='word_1_153' title='bbox 974 3782 1190 3852; x_wconf 88' lang='lat' dir='ltr'>discindendo</span> <span class='ocrx_word' id='word_1_154' title='bbox 1204 3805 1282 3867; x_wconf 72' lang='lat' dir='ltr'>ape·</span> 
     </span>
     <span class='ocr_line' id='line_1_26' title="bbox 276 3882 1281 3966; baseline 0 -12"><span class='ocrx_word' id='word_1_155' title='bbox 276 3888 343 3955; x_wconf 88' lang='lat' dir='ltr'>ruit</span> <span class='ocrx_word' id='word_1_156' title='bbox 361 3922 398 3929; x_wconf 91' lang='lat'>—</span> <span class='ocrx_word' id='word_1_157' title='bbox 416 3885 506 3966; x_wconf 79' lang='lat' dir='ltr'>qued</span> <span class='ocrx_word' id='word_1_158' title='bbox 523 3905 575 3951; x_wconf 87' lang='lat' dir='ltr'>me</span> <span class='ocrx_word' id='word_1_159' title='bbox 593 3884 746 3965; x_wconf 83' lang='lat' dir='ltr'>praescire</span> <span class='ocrx_word' id='word_1_160' title='bbox 763 3883 902 3951; x_wconf 81' lang='lat' dir='ltr'>decebat</span> <span class='ocrx_word' id='word_1_161' title='bbox 917 3918 957 3926; x_wconf 90' lang='lat'><em>—</em></span> <span class='ocrx_word' id='word_1_162' title='bbox 972 3883 1057 3951; x_wconf 88' lang='lat' dir='ltr'>scire</span> <span class='ocrx_word' id='word_1_163' title='bbox 1068 3903 1122 3951; x_wconf 90' lang='lat' dir='ltr'>me</span> <span class='ocrx_word' id='word_1_164' title='bbox 1140 3882 1281 3954; x_wconf 82' lang='lat' dir='ltr'>decebat</span> 
     </span>
    </p>
   </div>
   <div class='ocr_carea' id='block_1_5' title="bbox 273 3984 1281 4168">
    <p class='ocr_par' dir='ltr' id='par_1_11' title="bbox 273 3984 1281 4168">
     <span class='ocr_line' id='line_1_27' title="bbox 273 3984 1281 4068; baseline -0.001 -13"><span class='ocrx_word' id='word_1_165' title='bbox 273 4010 353 4055; x_wconf 86' lang='lat' dir='ltr'>eum</span> <span class='ocrx_word' id='word_1_166' title='bbox 371 3987 523 4053; x_wconf 88' lang='lat' dir='ltr'>vinctum</span> <span class='ocrx_word' id='word_1_167' title='bbox 540 4005 606 4051; x_wconf 88' lang='lat' dir='ltr'>non</span> <span class='ocrx_word' id='word_1_168' title='bbox 623 3984 728 4051; x_wconf 83' lang='lat' dir='ltr'>fuisse</span> <span class='ocrx_word' id='word_1_169' title='bbox 749 4019 787 4027; x_wconf 93' lang='lat'><em>-</em></span> <span class='ocrx_word' id='word_1_170' title='bbox 805 3992 940 4065; x_wconf 83' lang='lat' dir='ltr'>tempus</span> <span class='ocrx_word' id='word_1_171' title='bbox 956 3990 1092 4051; x_wconf 80' lang='lat' dir='ltr'>tantum</span> <span class='ocrx_word' id='word_1_172' title='bbox 1120 4003 1200 4052; x_wconf 90' lang='lat' dir='ltr'>eum</span> <span class='ocrx_word' id='word_1_173' title='bbox 1223 4004 1281 4068; x_wconf 68' lang='lat' dir='ltr'>ou</span> 
     </span>
     <span class='ocr_line' id='line_1_28' title="bbox 276 4082 1277 4168; baseline -0.002 -14"><span class='ocrx_word' id='word_1_174' title='bbox 276 4087 375 4168; x_wconf 81' lang='lat' dir='ltr'>periri</span> <span class='ocrx_word' id='word_1_175' title='bbox 394 4121 432 4129; x_wconf 92' lang='lat'>-</span> <span class='ocrx_word' id='word_1_176' title='bbox 449 4085 506 4152; x_wconf 85' lang='lat' dir='ltr'>sed</span> <span class='ocrx_word' id='word_1_177' title='bbox 524 4085 588 4151; x_wconf 83' lang='lat' dir='ltr'>ista</span> <span class='ocrx_word' id='word_1_178' title='bbox 603 4083 714 4151; x_wconf 84' lang='lat' dir='ltr'>omnia</span> <span class='ocrx_word' id='word_1_179' title='bbox 731 4092 800 4151; x_wconf 83' lang='lat' dir='ltr'>tam</span> <span class='ocrx_word' id='word_1_180' title='bbox 817 4082 930 4151; x_wconf 93' lang='lat' dir='ltr'>subito</span> <span class='ocrx_word' id='word_1_181' title='bbox 946 4089 1044 4151; x_wconf 86' lang='lat' dir='ltr'>erant</span> <span class='ocrx_word' id='word_1_182' title='bbox 1058 4090 1196 4164; x_wconf 81' lang='lat' dir='ltr'>peracta</span> <span class='ocrx_word' id='word_1_183' title='bbox 1207 4135 1215 4152; x_wconf 87' lang='lat'><strong>.</strong></span> <span class='ocrx_word' id='word_1_184' title='bbox 1228 4137 1236 4152; x_wconf 93' lang='lat'><strong>.</strong></span> <span class='ocrx_word' id='word_1_185' title='bbox 1247 4083 1277 4153; x_wconf 87' lang='lat'>.”</span> 
     </span>
    </p>
   </div>
   <div class='ocr_carea' id='block_1_6' title="bbox 271 4198 1278 4486">
    <p class='ocr_par' dir='ltr' id='par_1_12' title="bbox 271 4198 1278 4486">
     <span class='ocr_line' id='line_1_29' title="bbox 362 4198 1278 4270; baseline 0 0"><span class='ocrx_word' id='word_1_186' title='bbox 362 4204 444 4270; x_wconf 82' lang='lat' dir='ltr'>Rete</span> <span class='ocrx_word' id='word_1_187' title='bbox 471 4201 604 4269; x_wconf 88' lang='lat' dir='ltr'>interim</span> <span class='ocrx_word' id='word_1_188' title='bbox 622 4201 671 4268; x_wconf 79' lang='lat' dir='ltr'>irri</span> <span class='ocrx_word' id='word_1_189' title='bbox 685 4222 723 4268; x_wconf 86' lang='lat' dir='ltr'>ac</span> <span class='ocrx_word' id='word_1_190' title='bbox 747 4199 847 4268; x_wconf 82' lang='lat' dir='ltr'>taedio</span> <span class='ocrx_word' id='word_1_191' title='bbox 874 4199 907 4266; x_wconf 91' lang='lat' dir='ltr'>in</span> <span class='ocrx_word' id='word_1_192' title='bbox 932 4198 1126 4268; x_wconf 86' lang='lat' dir='ltr'>tabulatum</span> <span class='ocrx_word' id='word_1_193' title='bbox 1147 4198 1278 4270; x_wconf 82' lang='lat' dir='ltr'>abiecit</span> 
     </span>
     <span class='ocr_line' id='line_1_30' title="bbox 278 4298 1276 4380; baseline -0.003 -8"><span class='ocrx_word' id='word_1_194' title='bbox 278 4304 360 4372; x_wconf 82' lang='lat' dir='ltr'>liein</span> <span class='ocrx_word' id='word_1_195' title='bbox 378 4312 457 4369; x_wconf 85' lang='lat' dir='ltr'>ante</span> <span class='ocrx_word' id='word_1_196' title='bbox 474 4323 586 4369; x_wconf 83' lang='lat' dir='ltr'>arcum</span> <span class='ocrx_word' id='word_1_197' title='bbox 605 4300 708 4368; x_wconf 77' lang='lat' dir='ltr'>ssoule</span> <span class='ocrx_word' id='word_1_198' title='bbox 723 4299 885 4378; x_wconf 86' lang='lat' dir='ltr'>constitit,</span> <span class='ocrx_word' id='word_1_199' title='bbox 900 4320 1044 4380; x_wconf 88' lang='lat' dir='ltr'>eamque</span> <span class='ocrx_word' id='word_1_200' title='bbox 1060 4298 1148 4367; x_wconf 91' lang='lat' dir='ltr'>bono</span> <span class='ocrx_word' id='word_1_201' title='bbox 1162 4299 1276 4369; x_wconf 87' lang='lat' dir='ltr'>auimo</span> 
     </span>
     <span class='ocr_line' id='line_1_31' title="bbox 271 4398 1277 4486; baseline -0.003 -14"><span class='ocrx_word' id='word_1_202' title='bbox 271 4403 520 4486; x_wconf 80' lang='lat' dir='ltr'>speculabatur,</span> <span class='ocrx_word' id='word_1_203' title='bbox 536 4411 570 4468; x_wconf 84' lang='lat' dir='ltr'>et</span> <span class='ocrx_word' id='word_1_204' title='bbox 588 4410 662 4482; x_wconf 84' lang='lat' dir='ltr'>post</span> <span class='ocrx_word' id='word_1_205' title='bbox 685 4421 793 4481; x_wconf 84' lang='lat' dir='ltr'>pauca</span> <span class='ocrx_word' id='word_1_206' title='bbox 816 4399 949 4467; x_wconf 87' lang='lat' dir='ltr'>minuta</span> <span class='ocrx_word' id='word_1_207' title='bbox 972 4398 1091 4468; x_wconf 91' lang='lat' dir='ltr'>vultus</span> <span class='ocrx_word' id='word_1_208' title='bbox 1113 4398 1187 4468; x_wconf 87' lang='lat' dir='ltr'>eius</span> <span class='ocrx_word' id='word_1_209' title='bbox 1211 4399 1277 4469; x_wconf 85' lang='lat' dir='ltr'>clu·</span> 
     </span>
    </p>
   </div>
   <div class='ocr_carea' id='block_1_7' title="bbox 269 4503 527 4585">
    <p class='ocr_par' dir='ltr' id='par_1_13' title="bbox 269 4503 527 4585">
     <span class='ocr_line' id='line_1_32' title="bbox 269 4503 527 4585; baseline -0.019 -10"><span class='ocrx_word' id='word_1_210' title='bbox 269 4526 398 4575; x_wconf 86' lang='lat' dir='ltr'>rescere</span> <span class='ocrx_word' id='word_1_211' title='bbox 413 4503 527 4585; x_wconf 84' lang='lat' dir='ltr'>coepit.</span> 
     </span>
    </p>
   </div>
   <div class='ocr_carea' id='block_1_8' title="bbox 0 0 1580 5468">
    <p class='ocr_par' dir='ltr' id='par_1_14' title="bbox 0 0 1580 5468">
     <span class='ocr_line' id='line_1_33' title="bbox 0 0 1580 5468; baseline 0 7"><span class='ocrx_word' id='word_1_212' title='bbox 0 0 1580 5468; x_wconf 95' lang='lat' dir='ltr'> </span> 
     </span>
    </p>
   </div>
  </div>
 </body>
</html>
