3150 5468
462 1293 637 1347 ponamus
658 1293 798 1359 ouromr
820 1292 1033 1346 salomon
1188 1274 1251 1346 145

332 1459 500 1529 “Lumina
515 1461 582 1530 iam
598 1471 679 1530 sunt
694 1483 845 1541 accensa,
860 1461 905 1529 mi
922 1460 1043 1542 Here,”
1069 1457 1252 1542 respondit.

332 1561 425 1629 “lam
443 1562 607 1630 accensa?
629 1561 799 1644 Quidnam
816 1561 863 1630 rei
879 1568 931 1629 est
939 1561 976 1629 t’

332 1660 466 1730 “Herus
480 1661 630 1743 Godfrey
644 1662 858 1744 aliquantum
873 1661 927 1730 hic
953 1667 1005 1729 est
1030 1666 1193 1740 moratus,
1214 1680 1252 1728 re

248 1762 313 1843 illa,
329 1765 417 1842 arca,
432 1761 632 1830 fatuando.”

333 1860 461 1943 “ltane,
477 1884 596 1933 revera
603 1863 639 1930 ?'’
656 1871 730 1932 tum
746 1862 827 1930 mihi
843 1863 877 1930 in
893 1869 1043 1930 mentem
1063 1860 1157 1930 venit
1172 1860 1255 1930 faci·

248 1962 279 2031 le
295 1963 443 2044 potuisse
459 1985 514 2031 me
529 1962 681 2031 divinare
697 1963 754 2031 ubi
771 1963 841 2045 ipse
857 1969 1058 2031 moraretur.
1074 1961 1162 2030 “Fac
1172 1981 1253 2029 eum

249 2062 367 2143 Parks,
381 2063 558 2131 certiorem
575 2085 629 2131 me
643 2085 721 2132 cum
737 2062 906 2145 aliquibus
917 2083 1030 2130 arcam
1046 2062 1157 2130 visum
1173 2082 1253 2129 mox

248 2162 491 2244 adventurum,
515 2185 639 2245 meque
666 2163 752 2232 velle
776 2184 855 2232 eum
883 2184 997 2231 rerum
1026 2160 1253 2244 gerendarum

249 2269 371 2331 testem
387 2263 522 2344 habere,
538 2285 622 2344 roga
637 2264 754 2346 itaque
769 2284 848 2332 eum
871 2270 911 2331 ut
926 2262 1092 2331 maneat.”

334 2362 502 2444 “Faciam,
517 2363 563 2430 mi
580 2363 702 2444 Here,''
718 2362 891 2446 respondit
907 2361 1023 2431 Parks.

335 2463 596 2545 “Tranquillane
612 2464 725 2532 omnia
733 2464 769 2532 ?'’

333 2562 460 2643 “Sunt;
484 2563 552 2631 duo
567 2564 701 2632 lictores
716 2570 824 2632 totam
850 2572 984 2632 noctem
1007 2563 1134 2631 circum
1160 2562 1254 2631 dom-

250 2685 309 2732 um
331 2663 511 2745 degerunt,
533 2685 597 2745 ego
619 2671 735 2732 autem
765 2671 800 2732 et
831 2664 961 2745 Rogers
984 2663 1077 2732 intus
1103 2663 1255 2745 vigilavi·

250 2765 357 2833 mus.”

333 2863 471 2931 “Rheda
493 2863 563 2932 heri
592 2863 815 2932 Hornblower
840 2863 882 2932 ad
910 2864 1036 2932 ostium
1062 2863 1185 2945 adstat,
1209 2863 1256 2932 mi

252 2963 372 3044 Here,”
389 2986 495 3046 pansa
510 2965 613 3033 ianua
628 2964 829 3033 ministellus
844 2963 1021 3045 significat.

334 3063 498 3132 “Factum
525 3064 644 3145 bene,”
668 3064 833 3146 respondi.
867 3065 1048 3133 “Protinus
1073 3063 1255 3146 aderimus,

252 3163 367 3232 Parks.
391 3164 473 3233 Vale
503 3164 668 3233 intereal”
690 3172 726 3233 et
739 3187 843 3247 penso
857 3165 1108 3245 auscultatorio,
1133 3165 1255 3233 laenam

250 3263 405 3332 celeriter
420 3264 524 3333 indui.

336 3364 437 3445 Tum,
453 3373 492 3433 ut
509 3365 635 3446 pileum
663 3364 864 3447 deprompsi,
890 3364 1053 3447 cogitatio
1077 3364 1256 3434 subitanea

253 3463 335 3532 mihi
352 3464 512 3533 incurrit:

334 3565 367 3633 Si
384 3565 523 3647 ignotus
538 3565 591 3633 ille
609 3564 759 3633 Francus
774 3586 894 3633 revera
909 3564 1103 3633 emissarius
1128 3564 1201 3633 heri
1224 3565 1255 3634 X

252 3664 370 3745 fuerit,
397 3665 553 3733 Matrona
578 3687 658 3733 eum
686 3666 784 3733 facile
800 3672 971 3746 agnoscet.
994 3664 1092 3746 Vaga
1117 3664 1254 3746 quidem

251 3763 438 3844 hariolatio,
454 3765 557 3846 digna
573 3772 688 3833 tamen
704 3786 782 3847 quae
799 3763 969 3833 tentetur!
1000 3764 1134 3833 Accessi
1150 3764 1256 3846 igitur

254 3862 520 3946 adscriptoriam,
531 3865 725 3947 exprompsi
737 3865 882 3945 effigiem
895 3864 976 3933 mihi
990 3886 1010 3932 a
1025 3863 1176 3946 Godtrey
1201 3863 1259 3934 da·

252 3971 334 4043 tam,
348 3964 382 4032 in
399 3965 571 4033 sacculum
588 3965 768 4033 recondidi.
792 3965 863 4033 Hoc
878 3970 1025 4047 peracto,
1048 3964 1091 4033 ad
1117 3964 1256 4033 tolleno-

252 4085 330 4132 nem
347 4064 536 4147 properavi.

598 4380 896 4602 ‘'lt‘'
