<?xml version="1.0" encoding="UTF-8"?>
<!DOCTYPE html PUBLIC "-//W3C//DTD XHTML 1.0 Transitional//EN"
    "http://www.w3.org/TR/xhtml1/DTD/xhtml1-transitional.dtd">
<html xmlns="http://www.w3.org/1999/xhtml" xml:lang="en" lang="en">
 <head>
  <title>
</title>
<meta http-equiv="Content-Type" content="text/html;charset=utf-8" />
  <meta name='ocr-system' content='tesseract 3.04.00' />
  <meta name='ocr-capabilities' content='ocr_page ocr_carea ocr_par ocr_line ocrx_word'/>
</head>
<body>
  <div class='ocr_page' id='page_1' title='image "./mysteriumarcbou00stevgoog/mysteriumarcbou00stevgoog_0060.png"; bbox 0 0 3128 5016; ppageno 0'>
   <div class='ocr_carea' id='block_1_1' title="bbox 364 772 1102 841">
    <p class='ocr_par' dir='ltr' id='par_1_1' title="bbox 364 772 1102 841">
     <span class='ocr_line' id='line_1_1' title="bbox 364 772 1102 841; baseline 0 -1"><span class='ocrx_word' id='word_1_1' title='bbox 364 772 407 840; x_wconf 85' lang='lat'><strong>48</strong></span> <span class='ocrx_word' id='word_1_2' title='bbox 626 785 834 841; x_wconf 75' lang='lat' dir='ltr'><strong>ursnaaruu</strong></span> <span class='ocrx_word' id='word_1_3' title='bbox 855 787 962 841; x_wconf 72' lang='lat' dir='ltr'><strong>Anca</strong></span> <span class='ocrx_word' id='word_1_4' title='bbox 983 780 1102 841; x_wconf 75' lang='lat' dir='ltr'><strong>aonia</strong></span> 
     </span>
    </p>
   </div>
   <div class='ocr_carea' id='block_1_2' title="bbox 365 954 1376 3154">
    <p class='ocr_par' dir='ltr' id='par_1_2' title="bbox 365 954 1365 1138">
     <span class='ocr_line' id='line_1_2' title="bbox 365 954 1365 1038; baseline 0 -13"><span class='ocrx_word' id='word_1_5' title='bbox 365 962 474 1037; x_wconf 80' lang='lat' dir='ltr'><strong>tuque</strong></span> <span class='ocrx_word' id='word_1_6' title='bbox 499 978 575 1025; x_wconf 92' lang='lat' dir='ltr'><strong>meo</strong></span> <span class='ocrx_word' id='word_1_7' title='bbox 599 962 779 1038; x_wconf 86' lang='lat' dir='ltr'><strong>conspecto</strong></span> <span class='ocrx_word' id='word_1_8' title='bbox 803 955 847 1025; x_wconf 93' lang='lat' dir='ltr'><strong>ad</strong></span> <span class='ocrx_word' id='word_1_9' title='bbox 872 977 926 1024; x_wconf 91' lang='lat' dir='ltr'><strong>me</strong></span> <span class='ocrx_word' id='word_1_10' title='bbox 951 954 1056 1038; x_wconf 87' lang='lat' dir='ltr'><strong>venit,</strong></span> <span class='ocrx_word' id='word_1_11' title='bbox 1072 961 1107 1024; x_wconf 86' lang='lat' dir='ltr'><strong>et</strong></span> <span class='ocrx_word' id='word_1_12' title='bbox 1128 954 1265 1025; x_wconf 89' lang='lat' dir='ltr'><strong>brachio</strong></span> <span class='ocrx_word' id='word_1_13' title='bbox 1288 977 1365 1025; x_wconf 89' lang='lat' dir='ltr'><strong>meo</strong></span> 
     </span>
     <span class='ocr_line' id='line_1_3' title="bbox 365 1056 724 1138; baseline 0 -14"><span class='ocrx_word' id='word_1_14' title='bbox 365 1057 532 1138; x_wconf 90' lang='lat' dir='ltr'><strong>prehenso</strong></span> <span class='ocrx_word' id='word_1_15' title='bbox 547 1079 602 1126; x_wconf 91' lang='lat' dir='ltr'><strong>me</strong></span> <span class='ocrx_word' id='word_1_16' title='bbox 616 1056 724 1125; x_wconf 83' lang='lat' dir='ltr'><strong>fulsit.</strong></span> 
     </span>
    </p>

    <p class='ocr_par' dir='ltr' id='par_1_3' title="bbox 450 1155 1140 1240">
     <span class='ocr_line' id='line_1_4' title="bbox 450 1155 1140 1240; baseline 0.001 -15"><span class='ocrx_word' id='word_1_17' title='bbox 450 1155 640 1240; x_wconf 87' lang='lat' dir='ltr'><strong>“Quidnam</strong></span> <span class='ocrx_word' id='word_1_18' title='bbox 654 1164 689 1226; x_wconf 88' lang='lat' dir='ltr'><strong>te</strong></span> <span class='ocrx_word' id='word_1_19' title='bbox 704 1157 811 1238; x_wconf 82' lang='lat' dir='ltr'><strong>angit,</strong></span> <span class='ocrx_word' id='word_1_20' title='bbox 827 1156 991 1227; x_wconf 84' lang='lat' dir='ltr'><strong>Lester?”</strong></span> <span class='ocrx_word' id='word_1_21' title='bbox 1007 1156 1140 1240; x_wconf 81' lang='lat' dir='ltr'><strong>quaeric</strong></span> 
     </span>
    </p>

    <p class='ocr_par' dir='ltr' id='par_1_4' title="bbox 366 1255 1365 1427">
     <span class='ocr_line' id='line_1_5' title="bbox 450 1255 1365 1341; baseline 0.001 -15"><span class='ocrx_word' id='word_1_22' title='bbox 450 1256 644 1327; x_wconf 86' lang='lat' dir='ltr'><strong>“Sustinere</strong></span> <span class='ocrx_word' id='word_1_23' title='bbox 659 1257 796 1326; x_wconf 88' lang='lat' dir='ltr'><strong>hicnon</strong></span> <span class='ocrx_word' id='word_1_24' title='bbox 811 1258 981 1341; x_wconf 87' lang='lat' dir='ltr'><strong>possum‚”</strong></span> <span class='ocrx_word' id='word_1_25' title='bbox 1007 1257 1158 1327; x_wconf 85' lang='lat' dir='ltr'><strong>halitavi.</strong></span> <span class='ocrx_word' id='word_1_26' title='bbox 1191 1255 1365 1327; x_wconf 88' lang='lat' dir='ltr'><strong>“Nimium</strong></span> 
     </span>
     <span class='ocr_line' id='line_1_6' title="bbox 366 1357 638 1427; baseline 0.004 -1"><span class='ocrx_word' id='word_1_27' title='bbox 366 1364 419 1426; x_wconf 88' lang='lat' dir='ltr'><strong>est</strong></span> <span class='ocrx_word' id='word_1_28' title='bbox 433 1357 638 1427; x_wconf 87' lang='lat' dir='ltr'><strong>horridum.”</strong></span> 
     </span>
    </p>

    <p class='ocr_par' dir='ltr' id='par_1_5' title="bbox 367 1456 1366 1642">
     <span class='ocr_line' id='line_1_7' title="bbox 451 1456 1366 1542; baseline 0.002 -15"><span class='ocrx_word' id='word_1_29' title='bbox 451 1456 598 1529; x_wconf 85' lang='lat' dir='ltr'><strong>“Relaxa</strong></span> <span class='ocrx_word' id='word_1_30' title='bbox 613 1466 713 1529; x_wconf 89' lang='lat' dir='ltr'><strong>tuum</strong></span> <span class='ocrx_word' id='word_1_31' title='bbox 728 1459 899 1529; x_wconf 85' lang='lat' dir='ltr'><strong>animum!</strong></span> <span class='ocrx_word' id='word_1_32' title='bbox 915 1459 1016 1529; x_wconf 92' lang='lat' dir='ltr'><strong>Prodi</strong></span> <span class='ocrx_word' id='word_1_33' title='bbox 1024 1459 1101 1542; x_wconf 90' lang='lat' dir='ltr'><strong>huc,</strong></span> <span class='ocrx_word' id='word_1_34' title='bbox 1111 1481 1208 1529; x_wconf 90' lang='lat' dir='ltr'><strong>sume</strong></span> <span class='ocrx_word' id='word_1_35' title='bbox 1219 1460 1366 1529; x_wconf 89' lang='lat' dir='ltr'><strong>alterum</strong></span> 
     </span>
     <span class='ocr_line' id='line_1_8' title="bbox 367 1559 555 1642; baseline 0 -14"><span class='ocrx_word' id='word_1_36' title='bbox 367 1559 555 1642; x_wconf 88' lang='lat' dir='ltr'><strong>pocillum.”</strong></span> 
     </span>
    </p>

    <p class='ocr_par' dir='ltr' id='par_1_6' title="bbox 367 1659 1368 2047">
     <span class='ocr_line' id='line_1_9' title="bbox 450 1659 1368 1745; baseline 0.003 -16"><span class='ocrx_word' id='word_1_37' title='bbox 450 1659 578 1729; x_wconf 87' lang='lat' dir='ltr'><strong>Eduxit</strong></span> <span class='ocrx_word' id='word_1_38' title='bbox 593 1682 648 1729; x_wconf 88' lang='lat' dir='ltr'><strong>me</strong></span> <span class='ocrx_word' id='word_1_39' title='bbox 662 1661 766 1743; x_wconf 85' lang='lat' dir='ltr'><strong>igitur</strong></span> <span class='ocrx_word' id='word_1_40' title='bbox 780 1661 816 1730; x_wconf 93' lang='lat' dir='ltr'><strong>in</strong></span> <span class='ocrx_word' id='word_1_41' title='bbox 829 1661 1006 1744; x_wconf 90' lang='lat' dir='ltr'><strong>ambitum,</strong></span> <span class='ocrx_word' id='word_1_42' title='bbox 1022 1668 1127 1745; x_wconf 87' lang='lat' dir='ltr'><strong>atque</strong></span> <span class='ocrx_word' id='word_1_43' title='bbox 1149 1661 1301 1732; x_wconf 91' lang='lat' dir='ltr'><strong>oblatum</strong></span> <span class='ocrx_word' id='word_1_44' title='bbox 1322 1664 1368 1732; x_wconf 86' lang='lat' dir='ltr'><strong>al·</strong></span> 
     </span>
     <span class='ocr_line' id='line_1_10' title="bbox 367 1761 1367 1845; baseline 0.005 -17"><span class='ocrx_word' id='word_1_45' title='bbox 367 1766 481 1829; x_wconf 90' lang='lat' dir='ltr'><strong>terum</strong></span> <span class='ocrx_word' id='word_1_46' title='bbox 496 1761 653 1843; x_wconf 88' lang='lat' dir='ltr'><strong>pocillum</strong></span> <span class='ocrx_word' id='word_1_47' title='bbox 669 1761 790 1831; x_wconf 87' lang='lat' dir='ltr'><strong>brisaei¹</strong></span> <span class='ocrx_word' id='word_1_48' title='bbox 817 1785 873 1832; x_wconf 92' lang='lat' dir='ltr'><strong>me</strong></span> <span class='ocrx_word' id='word_1_49' title='bbox 889 1762 1139 1845; x_wconf 89' lang='lat' dir='ltr'><strong>quodammodo</strong></span> <span class='ocrx_word' id='word_1_50' title='bbox 1164 1762 1246 1832; x_wconf 91' lang='lat' dir='ltr'><strong>mihi</strong></span> <span class='ocrx_word' id='word_1_51' title='bbox 1272 1763 1367 1834; x_wconf 89' lang='lat' dir='ltr'><strong>resti·</strong></span> 
     </span>
     <span class='ocr_line' id='line_1_11' title="bbox 368 1860 1368 1945; baseline 0.004 -15"><span class='ocrx_word' id='word_1_52' title='bbox 368 1860 445 1930; x_wconf 91' lang='lat' dir='ltr'><strong>tuit.</strong></span> <span class='ocrx_word' id='word_1_53' title='bbox 468 1861 623 1931; x_wconf 85' lang='lat' dir='ltr'><strong>Pudebat</strong></span> <span class='ocrx_word' id='word_1_54' title='bbox 638 1885 693 1931; x_wconf 88' lang='lat' dir='ltr'><strong>me</strong></span> <span class='ocrx_word' id='word_1_55' title='bbox 708 1863 856 1945; x_wconf 86' lang='lat' dir='ltr'><strong>ignaviae</strong></span> <span class='ocrx_word' id='word_1_56' title='bbox 876 1885 972 1945; x_wconf 85' lang='lat' dir='ltr'><strong>meae,</strong></span> <span class='ocrx_word' id='word_1_57' title='bbox 998 1885 1120 1932; x_wconf 91' lang='lat' dir='ltr'><strong>verum</strong></span> <span class='ocrx_word' id='word_1_58' title='bbox 1146 1863 1205 1933; x_wconf 93' lang='lat' dir='ltr'><strong>ubi</strong></span> <span class='ocrx_word' id='word_1_59' title='bbox 1230 1865 1368 1934; x_wconf 88' lang='lat' dir='ltr'><strong>vultum</strong></span> 
     </span>
     <span class='ocr_line' id='line_1_12' title="bbox 368 1960 1191 2047; baseline 0.002 -15"><span class='ocrx_word' id='word_1_60' title='bbox 368 1960 521 2044; x_wconf 84' lang='lat' dir='ltr'><strong>Godfrey</strong></span> <span class='ocrx_word' id='word_1_61' title='bbox 535 1963 703 2046; x_wconf 84' lang='lat' dir='ltr'><strong>conspexi,</strong></span> <span class='ocrx_word' id='word_1_62' title='bbox 718 1964 789 2032; x_wconf 91' lang='lat' dir='ltr'><strong>vidi</strong></span> <span class='ocrx_word' id='word_1_63' title='bbox 804 1985 907 2046; x_wconf 89' lang='lat' dir='ltr'><strong>quam</strong></span> <span class='ocrx_word' id='word_1_64' title='bbox 922 1971 958 2034; x_wconf 89' lang='lat' dir='ltr'><strong>et</strong></span> <span class='ocrx_word' id='word_1_65' title='bbox 972 1964 1026 2034; x_wconf 89' lang='lat' dir='ltr'><strong>ille</strong></span> <span class='ocrx_word' id='word_1_66' title='bbox 1040 1964 1191 2047; x_wconf 81' lang='lat' dir='ltr'><strong>palleret</strong></span> 
     </span>
    </p>

    <p class='ocr_par' dir='ltr' id='par_1_7' title="bbox 368 2060 1369 2232">
     <span class='ocr_line' id='line_1_13' title="bbox 452 2060 1369 2148; baseline 0.004 -16"><span class='ocrx_word' id='word_1_67' title='bbox 452 2060 540 2133; x_wconf 86' lang='lat' dir='ltr'><strong>“Fac</strong></span> <span class='ocrx_word' id='word_1_68' title='bbox 564 2070 600 2132; x_wconf 89' lang='lat' dir='ltr'><strong>et</strong></span> <span class='ocrx_word' id='word_1_69' title='bbox 625 2071 665 2133; x_wconf 93' lang='lat' dir='ltr'><strong>tu</strong></span> <span class='ocrx_word' id='word_1_70' title='bbox 690 2064 809 2147; x_wconf 85' lang='lat' dir='ltr'><strong>pocillo</strong></span> <span class='ocrx_word' id='word_1_71' title='bbox 834 2071 971 2148; x_wconf 86' lang='lat' dir='ltr'><strong>sumpto</strong></span> <span class='ocrx_word' id='word_1_72' title='bbox 996 2064 1058 2134; x_wconf 91' lang='lat' dir='ltr'><strong>tibi</strong></span> <span class='ocrx_word' id='word_1_73' title='bbox 1082 2064 1270 2148; x_wconf 80' lang='lat' dir='ltr'><strong>consulas,”</strong></span> <span class='ocrx_word' id='word_1_74' title='bbox 1288 2087 1369 2136; x_wconf 91' lang='lat' dir='ltr'><strong>eum</strong></span> 
     </span>
     <span class='ocr_line' id='line_1_14' title="bbox 368 2184 496 2232; baseline 0 -1"><span class='ocrx_word' id='word_1_75' title='bbox 368 2184 496 2232; x_wconf 83' lang='lat' dir='ltr'><strong>monui.</strong></span> 
     </span>
    </p>

    <p class='ocr_par' dir='ltr' id='par_1_8' title="bbox 453 2264 1254 2349">
     <span class='ocr_line' id='line_1_15' title="bbox 453 2264 1254 2349; baseline 0.005 -17"><span class='ocrx_word' id='word_1_76' title='bbox 453 2264 532 2332; x_wconf 86' lang='lat' dir='ltr'><strong>Mox</strong></span> <span class='ocrx_word' id='word_1_77' title='bbox 548 2264 665 2333; x_wconf 90' lang='lat' dir='ltr'><strong>audivi</strong></span> <span class='ocrx_word' id='word_1_78' title='bbox 680 2265 817 2335; x_wconf 83' lang='lat' dir='ltr'><strong>obbam²</strong></span> <span class='ocrx_word' id='word_1_79' title='bbox 831 2287 936 2349; x_wconf 87' lang='lat' dir='ltr'><strong>super</strong></span> <span class='ocrx_word' id='word_1_80' title='bbox 950 2265 1070 2348; x_wconf 91' lang='lat' dir='ltr'><strong>pocillo</strong></span> <span class='ocrx_word' id='word_1_81' title='bbox 1084 2267 1254 2349; x_wconf 79' lang='lat' dir='ltr'><strong>clangere.</strong></span> 
     </span>
    </p>

    <p class='ocr_par' dir='ltr' id='par_1_9' title="bbox 368 2363 1376 2937">
     <span class='ocr_line' id='line_1_16' title="bbox 452 2363 1373 2451; baseline 0.005 -18"><span class='ocrx_word' id='word_1_82' title='bbox 452 2363 551 2434; x_wconf 87' lang='lat' dir='ltr'><strong>“Non</strong></span> <span class='ocrx_word' id='word_1_83' title='bbox 566 2366 703 2435; x_wconf 91' lang='lat' dir='ltr'><strong>memini</strong></span> <span class='ocrx_word' id='word_1_84' title='bbox 717 2388 785 2449; x_wconf 90' lang='lat' dir='ltr'><strong>quo</strong></span> <span class='ocrx_word' id='word_1_85' title='bbox 800 2388 952 2449; x_wconf 85' lang='lat' dir='ltr'><strong>unquam</strong></span> <span class='ocrx_word' id='word_1_86' title='bbox 967 2374 1120 2449; x_wconf 86' lang='lat' dir='ltr'><strong>tempore</strong></span> <span class='ocrx_word' id='word_1_87' title='bbox 1134 2367 1206 2450; x_wconf 85' lang='lat' dir='ltr'><strong>ipse</strong></span> <span class='ocrx_word' id='word_1_88' title='bbox 1223 2389 1304 2451; x_wconf 74' lang='lat' dir='ltr'><strong>÷ego</strong></span> <span class='ocrx_word' id='word_1_89' title='bbox 1325 2368 1373 2438; x_wconf 86' lang='lat' dir='ltr'><strong>sic</strong></span> 
     </span>
     <span class='ocr_line' id='line_1_17' title="bbox 370 2463 1375 2551; baseline 0.006 -18"><span class='ocrx_word' id='word_1_90' title='bbox 370 2463 516 2534; x_wconf 86' lang='lat' dir='ltr'><strong>efflictus</strong></span> <span class='ocrx_word' id='word_1_91' title='bbox 546 2466 703 2548; x_wconf 83' lang='lat' dir='ltr'><strong>fuerim,&#39;&#39;</strong></span> <span class='ocrx_word' id='word_1_92' title='bbox 732 2467 781 2536; x_wconf 90' lang='lat' dir='ltr'><strong>ait</strong></span> <span class='ocrx_word' id='word_1_93' title='bbox 806 2467 959 2549; x_wconf 89' lang='lat' dir='ltr'><strong>deposito</strong></span> <span class='ocrx_word' id='word_1_94' title='bbox 982 2467 1100 2551; x_wconf 90' lang='lat' dir='ltr'><strong>pocillo</strong></span> <span class='ocrx_word' id='word_1_95' title='bbox 1125 2467 1226 2537; x_wconf 91' lang='lat' dir='ltr'><strong>inani.</strong></span> <span class='ocrx_word' id='word_1_96' title='bbox 1259 2469 1375 2540; x_wconf 87' lang='lat' dir='ltr'><strong>“Adeo</strong></span> 
     </span>
     <span class='ocr_line' id='line_1_18' title="bbox 371 2567 1376 2653; baseline 0.002 -16"><span class='ocrx_word' id='word_1_97' title='bbox 371 2569 436 2638; x_wconf 88' lang='lat' dir='ltr'><strong>ista</strong></span> <span class='ocrx_word' id='word_1_98' title='bbox 452 2588 506 2634; x_wconf 85' lang='lat' dir='ltr'><strong>res</strong></span> <span class='ocrx_word' id='word_1_99' title='bbox 520 2567 588 2635; x_wconf 84' lang='lat' dir='ltr'><strong>fuit</strong></span> <span class='ocrx_word' id='word_1_100' title='bbox 604 2573 705 2636; x_wconf 87' lang='lat' dir='ltr'><strong>taetra</strong></span> <span class='ocrx_word' id='word_1_101' title='bbox 714 2567 762 2636; x_wconf 89' lang='lat' dir='ltr'><strong>ita</strong></span> <span class='ocrx_word' id='word_1_102' title='bbox 775 2568 959 2650; x_wconf 74' lang='lat' dir='ltr'><strong>improvisa</strong></span> <span class='ocrx_word' id='word_1_103' title='bbox 968 2575 1054 2637; x_wconf 85' lang='lat' dir='ltr'><strong>-et</strong></span> <span class='ocrx_word' id='word_1_104' title='bbox 1068 2574 1143 2637; x_wconf 90' lang='lat' dir='ltr'><strong>tum</strong></span> <span class='ocrx_word' id='word_1_105' title='bbox 1156 2568 1286 2652; x_wconf 77' lang='lat' dir='ltr'><strong>Rogers</strong></span> <span class='ocrx_word' id='word_1_106' title='bbox 1299 2592 1376 2653; x_wconf 86' lang='lat' dir='ltr'><strong>par·</strong></span> 
     </span>
     <span class='ocr_line' id='line_1_19' title="bbox 369 2666 1374 2752; baseline 0.005 -17"><span class='ocrx_word' id='word_1_107' title='bbox 369 2675 439 2736; x_wconf 89' lang='lat' dir='ltr'><strong>tem</strong></span> <span class='ocrx_word' id='word_1_108' title='bbox 454 2666 601 2736; x_wconf 80' lang='lat' dir='ltr'><strong>furentis</strong></span> <span class='ocrx_word' id='word_1_109' title='bbox 615 2668 697 2750; x_wconf 82' lang='lat' dir='ltr'><strong>agit.</strong></span> <span class='ocrx_word' id='word_1_110' title='bbox 719 2669 759 2750; x_wconf 89' lang='lat' dir='ltr'><strong>A,</strong></span> <span class='ocrx_word' id='word_1_111' title='bbox 774 2669 921 2751; x_wconf 90' lang='lat' dir='ltr'><strong>denique</strong></span> <span class='ocrx_word' id='word_1_112' title='bbox 935 2668 990 2738; x_wconf 92' lang='lat' dir='ltr'><strong>hic</strong></span> <span class='ocrx_word' id='word_1_113' title='bbox 1011 2675 1064 2738; x_wconf 86' lang='lat' dir='ltr'><strong>est</strong></span> <span class='ocrx_word' id='word_1_114' title='bbox 1091 2668 1273 2752; x_wconf 89' lang='lat' dir='ltr'><strong>medicus,”</strong></span> <span class='ocrx_word' id='word_1_115' title='bbox 1296 2670 1374 2740; x_wconf 71' lang='lat' dir='ltr'><strong>sub</strong></span> 
     </span>
     <span class='ocr_line' id='line_1_20' title="bbox 368 2767 1376 2852; baseline 0.005 -17"><span class='ocrx_word' id='word_1_116' title='bbox 368 2767 491 2849; x_wconf 85' lang='lat' dir='ltr'><strong>iungit,</strong></span> <span class='ocrx_word' id='word_1_117' title='bbox 506 2789 613 2850; x_wconf 86' lang='lat' dir='ltr'><strong>quum</strong></span> <span class='ocrx_word' id='word_1_118' title='bbox 629 2767 753 2838; x_wconf 89' lang='lat' dir='ltr'><strong>ostium</strong></span> <span class='ocrx_word' id='word_1_119' title='bbox 768 2768 939 2852; x_wconf 84' lang='lat' dir='ltr'><strong>panditur,</strong></span> <span class='ocrx_word' id='word_1_120' title='bbox 953 2776 989 2838; x_wconf 90' lang='lat' dir='ltr'><strong>et</strong></span> <span class='ocrx_word' id='word_1_121' title='bbox 1011 2768 1119 2838; x_wconf 87' lang='lat' dir='ltr'><strong>Parks</strong></span> <span class='ocrx_word' id='word_1_122' title='bbox 1142 2769 1311 2840; x_wconf 89' lang='lat' dir='ltr'><strong>medicum</strong></span> <span class='ocrx_word' id='word_1_123' title='bbox 1326 2770 1376 2840; x_wconf 90' lang='lat' dir='ltr'><strong>in·</strong></span> 
     </span>
     <span class='ocr_line' id='line_1_21' title="bbox 371 2867 542 2937; baseline -0.006 0"><span class='ocrx_word' id='word_1_124' title='bbox 371 2867 542 2937; x_wconf 87' lang='lat' dir='ltr'><strong>tromittit.</strong></span> 
     </span>
    </p>

    <p class='ocr_par' dir='ltr' id='par_1_10' title="bbox 372 2966 1374 3154">
     <span class='ocr_line' id='line_1_22' title="bbox 455 2966 1373 3052; baseline 0.002 -14"><span class='ocrx_word' id='word_1_125' title='bbox 455 2966 656 3038; x_wconf 89' lang='lat' dir='ltr'><strong>“Doctorem</strong></span> <span class='ocrx_word' id='word_1_126' title='bbox 672 2968 815 3051; x_wconf 82' lang='lat' dir='ltr'><strong>Hughes</strong></span> <span class='ocrx_word' id='word_1_127' title='bbox 830 2969 950 3052; x_wconf 85' lang='lat' dir='ltr'><strong>utique</strong></span> <span class='ocrx_word' id='word_1_128' title='bbox 965 2970 1056 3051; x_wconf 89' lang='lat' dir='ltr'><strong>novi,</strong></span> <span class='ocrx_word' id='word_1_129' title='bbox 1072 2970 1217 3039; x_wconf 85' lang='lat' dir='ltr'><strong>salutem</strong></span> <span class='ocrx_word' id='word_1_130' title='bbox 1242 2971 1288 3039; x_wconf 92' lang='lat' dir='ltr'><strong>illi</strong></span> <span class='ocrx_word' id='word_1_131' title='bbox 1311 2992 1373 3040; x_wconf 91' lang='lat' dir='ltr'><strong>nu·</strong></span> 
     </span>
     <span class='ocr_line' id='line_1_23' title="bbox 372 3069 1374 3154; baseline 0.002 -16"><span class='ocrx_word' id='word_1_132' title='bbox 372 3076 411 3138; x_wconf 88' lang='lat' dir='ltr'><strong>tu</strong></span> <span class='ocrx_word' id='word_1_133' title='bbox 428 3069 567 3152; x_wconf 85' lang='lat' dir='ltr'><strong>reddidi,</strong></span> <span class='ocrx_word' id='word_1_134' title='bbox 583 3076 687 3152; x_wconf 85' lang='lat' dir='ltr'><strong>atque</strong></span> <span class='ocrx_word' id='word_1_135' title='bbox 702 3092 780 3139; x_wconf 91' lang='lat' dir='ltr'><strong>cum</strong></span> <span class='ocrx_word' id='word_1_136' title='bbox 803 3092 843 3139; x_wconf 93' lang='lat' dir='ltr'><strong>eo</strong></span> <span class='ocrx_word' id='word_1_137' title='bbox 864 3077 900 3140; x_wconf 89' lang='lat' dir='ltr'><strong>et</strong></span> <span class='ocrx_word' id='word_1_138' title='bbox 921 3070 1073 3154; x_wconf 84' lang='lat' dir='ltr'><strong>Godfrey</strong></span> <span class='ocrx_word' id='word_1_139' title='bbox 1093 3070 1128 3140; x_wconf 92' lang='lat' dir='ltr'><strong>in</strong></span> <span class='ocrx_word' id='word_1_140' title='bbox 1150 3070 1304 3140; x_wconf 83' lang='lat' dir='ltr'><strong>anterius</strong></span> <span class='ocrx_word' id='word_1_141' title='bbox 1324 3071 1374 3140; x_wconf 92' lang='lat' dir='ltr'><strong>in·</strong></span> 
     </span>
    </p>
   </div>
   <div class='ocr_carea' id='block_1_3' title="bbox 373 3253 1376 4079">
    <p class='ocr_par' dir='ltr' id='par_1_11' title="bbox 373 3253 1376 4079">
     <span class='ocr_line' id='line_1_24' title="bbox 473 3253 1373 3316; baseline 0 -9"><span class='ocrx_word' id='word_1_142' title='bbox 473 3257 496 3307; x_wconf 92' lang='lat'><strong>1.</strong></span> <span class='ocrx_word' id='word_1_143' title='bbox 514 3253 662 3307; x_wconf 66' lang='lat' dir='ltr'><strong>Briarcum</strong></span> <span class='ocrx_word' id='word_1_144' title='bbox 676 3271 743 3307; x_wconf 90' lang='lat' dir='ltr'><strong>voco</strong></span> <span class='ocrx_word' id='word_1_145' title='bbox 757 3261 897 3315; x_wconf 81' lang='lat' dir='ltr'><strong>temetum,</strong></span> <span class='ocrx_word' id='word_1_146' title='bbox 914 3271 930 3307; x_wconf 87' lang='lat' dir='ltr'><strong>e</strong></span> <span class='ocrx_word' id='word_1_147' title='bbox 954 3253 1046 3316; x_wconf 61' lang='lat' dir='ltr'><strong>blica,</strong></span> <span class='ocrx_word' id='word_1_148' title='bbox 1071 3255 1248 3307; x_wconf 76' lang='lat' dir='ltr'><strong>destillatum.</strong></span> <span class='ocrx_word' id='word_1_149' title='bbox 1281 3254 1373 3307; x_wconf 63' lang='lat' dir='ltr'><strong>Briau</strong></span> 
     </span>
     <span class='ocr_line' id='line_1_25' title="bbox 373 3338 1373 3404; baseline -0.001 -13"><span class='ocrx_word' id='word_1_150' title='bbox 373 3346 465 3391; x_wconf 87' lang='lat' dir='ltr'><strong>autern</strong></span> <span class='ocrx_word' id='word_1_151' title='bbox 483 3345 524 3390; x_wconf 86' lang='lat' dir='ltr'><strong>cst</strong></span> <span class='ocrx_word' id='word_1_152' title='bbox 537 3339 572 3398; x_wconf 89' lang='lat' dir='ltr'><strong>id,</strong></span> <span class='ocrx_word' id='word_1_153' title='bbox 584 3339 655 3404; x_wconf 87' lang='lat' dir='ltr'><strong>quod</strong></span> <span class='ocrx_word' id='word_1_154' title='bbox 668 3355 701 3390; x_wconf 82' lang='lat' dir='ltr'><strong>ex</strong></span> <span class='ocrx_word' id='word_1_155' title='bbox 715 3339 776 3391; x_wconf 78' lang='lat' dir='ltr'><strong>uvis</strong></span> <span class='ocrx_word' id='word_1_156' title='bbox 789 3339 922 3404; x_wconf 76' lang='lat' dir='ltr'><strong>expressis</strong></span> <span class='ocrx_word' id='word_1_157' title='bbox 935 3345 1067 3404; x_wconf 72' lang='lat' dir='ltr'><strong>superest.</strong></span> <span class='ocrx_word' id='word_1_158' title='bbox 1084 3339 1204 3404; x_wconf 77' lang='lat' dir='ltr'><strong>Vapores</strong></span> <span class='ocrx_word' id='word_1_159' title='bbox 1216 3338 1296 3391; x_wconf 78' lang='lat' dir='ltr'><strong>brisae</strong></span> <span class='ocrx_word' id='word_1_160' title='bbox 1314 3339 1373 3404; x_wconf 83' lang='lat' dir='ltr'><strong>igni</strong></span> 
     </span>
     <span class='ocr_line' id='line_1_26' title="bbox 373 3423 1373 3490; baseline -0.001 -14"><span class='ocrx_word' id='word_1_161' title='bbox 373 3423 494 3482; x_wconf 79' lang='lat' dir='ltr'><strong>subictae,</strong></span> <span class='ocrx_word' id='word_1_162' title='bbox 508 3423 536 3474; x_wconf 94' lang='lat' dir='ltr'><strong>in</strong></span> <span class='ocrx_word' id='word_1_163' title='bbox 550 3423 663 3476; x_wconf 83' lang='lat' dir='ltr'><strong>retortis</strong></span> <span class='ocrx_word' id='word_1_164' title='bbox 676 3424 750 3476; x_wconf 80' lang='lat' dir='ltr'><strong>tubis</strong></span> <span class='ocrx_word' id='word_1_165' title='bbox 763 3424 812 3476; x_wconf 84' lang='lat' dir='ltr'><strong>sub</strong></span> <span class='ocrx_word' id='word_1_166' title='bbox 833 3440 904 3490; x_wconf 87' lang='lat' dir='ltr'><strong>aqua</strong></span> <span class='ocrx_word' id='word_1_167' title='bbox 924 3423 1080 3487; x_wconf 77' lang='lat' dir='ltr'><strong>refrigerati</strong></span> <span class='ocrx_word' id='word_1_168' title='bbox 1103 3423 1222 3474; x_wconf 77' lang='lat' dir='ltr'><strong>vasculis</strong></span> <span class='ocrx_word' id='word_1_169' title='bbox 1241 3423 1373 3488; x_wconf 77' lang='lat' dir='ltr'><strong>guttatim</strong></span> 
     </span>
     <span class='ocr_line' id='line_1_27' title="bbox 374 3506 1375 3574; baseline -0.002 -14"><span class='ocrx_word' id='word_1_170' title='bbox 374 3509 555 3573; x_wconf 86' lang='lat' dir='ltr'><strong>excipiuntur,</strong></span> <span class='ocrx_word' id='word_1_171' title='bbox 568 3515 755 3574; x_wconf 84' lang='lat' dir='ltr'><strong>vocanturque</strong></span> <span class='ocrx_word' id='word_1_172' title='bbox 774 3506 916 3574; x_wconf 60' lang='lat' dir='ltr'><strong>spiritum</strong></span> <span class='ocrx_word' id='word_1_173' title='bbox 944 3507 992 3574; x_wconf 88' lang='lat' dir='ltr'><strong>qui</strong></span> <span class='ocrx_word' id='word_1_174' title='bbox 1013 3507 1036 3559; x_wconf 83' lang='lat' dir='ltr'><strong>si</strong></span> <span class='ocrx_word' id='word_1_175' title='bbox 1051 3523 1065 3559; x_wconf 85' lang='lat' dir='ltr'>e</span> <span class='ocrx_word' id='word_1_176' title='bbox 1079 3506 1152 3558; x_wconf 87' lang='lat' dir='ltr'><strong>brisa</strong></span> <span class='ocrx_word' id='word_1_177' title='bbox 1171 3506 1215 3566; x_wconf 84' lang='lat' dir='ltr'><strong>sit,</strong></span> <span class='ocrx_word' id='word_1_178' title='bbox 1232 3506 1375 3558; x_wconf 86' lang='lat' dir='ltr'><strong>vocabitur</strong></span> 
     </span>
     <span class='ocr_line' id='line_1_28' title="bbox 374 3589 1374 3657; baseline -0.002 -13"><span class='ocrx_word' id='word_1_179' title='bbox 374 3591 510 3652; x_wconf 62' lang='lat' dir='ltr'><strong>brianum</strong></span> <span class='ocrx_word' id='word_1_180' title='bbox 529 3592 551 3644; x_wconf 88' lang='lat' dir='ltr'><strong>si</strong></span> <span class='ocrx_word' id='word_1_181' title='bbox 564 3607 579 3643; x_wconf 86' lang='lat' dir='ltr'><strong>e</strong></span> <span class='ocrx_word' id='word_1_182' title='bbox 592 3591 666 3652; x_wconf 89' lang='lat' dir='ltr'><strong>vino,</strong></span> <span class='ocrx_word' id='word_1_183' title='bbox 681 3592 724 3644; x_wconf 81' lang='lat' dir='ltr'><strong>vel</strong></span> <span class='ocrx_word' id='word_1_184' title='bbox 736 3592 827 3657; x_wconf 79' lang='lat' dir='ltr'><strong>potius</strong></span> <span class='ocrx_word' id='word_1_185' title='bbox 839 3589 933 3657; x_wconf 82' lang='lat' dir='ltr'><strong>esaece</strong></span> <span class='ocrx_word' id='word_1_186' title='bbox 945 3591 1013 3650; x_wconf 86' lang='lat' dir='ltr'><strong>vini,</strong></span> <span class='ocrx_word' id='word_1_187' title='bbox 1026 3589 1179 3651; x_wconf 64' lang='lat' dir='ltr'><strong>vinnom·</strong></span> <span class='ocrx_word' id='word_1_188' title='bbox 1201 3589 1224 3642; x_wconf 79' lang='lat' dir='ltr'><strong>si</strong></span> <span class='ocrx_word' id='word_1_189' title='bbox 1246 3606 1261 3641; x_wconf 91' lang='lat' dir='ltr'><strong>e</strong></span> <span class='ocrx_word' id='word_1_190' title='bbox 1283 3590 1374 3650; x_wconf 74' lang='lat' dir='ltr'><strong>secali.</strong></span> 
     </span>
     <span class='ocr_line' id='line_1_29' title="bbox 375 3673 1376 3741; baseline -0.003 -13"><span class='ocrx_word' id='word_1_191' title='bbox 375 3674 533 3736; x_wconf 81' lang='lat' dir='ltr'><strong>aecdlincta,</strong></span> <span class='ocrx_word' id='word_1_192' title='bbox 550 3682 630 3741; x_wconf 85' lang='lat' dir='ltr'><strong>potus</strong></span> <span class='ocrx_word' id='word_1_193' title='bbox 642 3676 740 3741; x_wconf 78' lang='lat' dir='ltr'><strong>Anglis</strong></span> <span class='ocrx_word' id='word_1_194' title='bbox 751 3675 931 3740; x_wconf 77' lang='lat' dir='ltr'><strong>gratissimus,</strong></span> <span class='ocrx_word' id='word_1_195' title='bbox 949 3681 977 3727; x_wconf 88' lang='lat' dir='ltr'><strong>et</strong></span> <span class='ocrx_word' id='word_1_196' title='bbox 999 3675 1038 3727; x_wconf 83' lang='lat' dir='ltr'><strong>sic</strong></span> <span class='ocrx_word' id='word_1_197' title='bbox 1051 3674 1186 3739; x_wconf 74' lang='lat' dir='ltr'><strong>dcincepa</strong></span> <span class='ocrx_word' id='word_1_198' title='bbox 1212 3673 1308 3726; x_wconf 83' lang='lat' dir='ltr'><strong>Medici</strong></span> <span class='ocrx_word' id='word_1_199' title='bbox 1322 3674 1376 3726; x_wconf 81' lang='lat' dir='ltr'><strong>Aa·</strong></span> 
     </span>
     <span class='ocr_line' id='line_1_30' title="bbox 375 3757 1376 3827; baseline -0.004 -15"><span class='ocrx_word' id='word_1_200' title='bbox 375 3760 441 3826; x_wconf 82' lang='lat' dir='ltr'><strong>gllci</strong></span> <span class='ocrx_word' id='word_1_201' title='bbox 455 3758 599 3827; x_wconf 69' lang='lat' dir='ltr'><strong>spiritum</strong></span> <span class='ocrx_word' id='word_1_202' title='bbox 611 3757 761 3824; x_wconf 79' lang='lat' dir='ltr'><strong>frumenti</strong></span> <span class='ocrx_word' id='word_1_203' title='bbox 775 3760 867 3825; x_wconf 84' lang='lat' dir='ltr'><strong>inepte</strong></span> <span class='ocrx_word' id='word_1_204' title='bbox 878 3759 1026 3825; x_wconf 81' lang='lat' dir='ltr'><strong>appellant,</strong></span> <span class='ocrx_word' id='word_1_205' title='bbox 1044 3757 1173 3811; x_wconf 87' lang='lat' dir='ltr'><strong>Germani</strong></span> <span class='ocrx_word' id='word_1_206' title='bbox 1185 3763 1278 3809; x_wconf 83' lang='lat' dir='ltr'><strong>autem</strong></span> <span class='ocrx_word' id='word_1_207' title='bbox 1298 3773 1376 3823; x_wconf 68' lang='lat' dir='ltr'><strong>eque</strong></span> 
     </span>
     <span class='ocr_line' id='line_1_31' title="bbox 375 3840 1376 3910; baseline -0.004 -14"><span class='ocrx_word' id='word_1_208' title='bbox 375 3845 467 3910; x_wconf 90' lang='lat' dir='ltr'><strong>inepte</strong></span> <span class='ocrx_word' id='word_1_209' title='bbox 478 3841 580 3896; x_wconf 72' lang='lat' dir='ltr'><strong>ninum</strong></span> <span class='ocrx_word' id='word_1_210' title='bbox 594 3847 704 3905; x_wconf 71' lang='lat' dir='ltr'><strong>uotum,</strong></span> <span class='ocrx_word' id='word_1_211' title='bbox 719 3843 772 3895; x_wconf 86' lang='lat' dir='ltr'><strong>nisi</strong></span> <span class='ocrx_word' id='word_1_212' title='bbox 784 3843 912 3896; x_wconf 81' lang='lat' dir='ltr'><strong>Germani</strong></span> <span class='ocrx_word' id='word_1_213' title='bbox 930 3842 1025 3894; x_wconf 89' lang='lat' dir='ltr'><strong>vinum</strong></span> <span class='ocrx_word' id='word_1_214' title='bbox 1047 3844 1148 3901; x_wconf 79' lang='lat' dir='ltr'><strong>urant,</strong></span> <span class='ocrx_word' id='word_1_215' title='bbox 1164 3856 1214 3893; x_wconf 80' lang='lat' dir='ltr'><strong>nos</strong></span> <span class='ocrx_word' id='word_1_216' title='bbox 1227 3840 1376 3907; x_wconf 79' lang='lat' dir='ltr'><strong>coquimus,</strong></span> 
     </span>
     <span class='ocr_line' id='line_1_32' title="bbox 375 3922 1375 3981; baseline -0.003 0"><span class='ocrx_word' id='word_1_217' title='bbox 375 3935 423 3981; x_wconf 87' lang='lat' dir='ltr'><strong>aut</strong></span> <span class='ocrx_word' id='word_1_218' title='bbox 437 3928 614 3980; x_wconf 69' lang='lat' dir='ltr'><strong>destillamua</strong></span> <span class='ocrx_word' id='word_1_219' title='bbox 626 3928 775 3981; x_wconf 86' lang='lat' dir='ltr'><strong>Vinaceurn</strong></span> <span class='ocrx_word' id='word_1_220' title='bbox 799 3927 896 3979; x_wconf 83' lang='lat' dir='ltr'><strong>Franci</strong></span> <span class='ocrx_word' id='word_1_221' title='bbox 910 3927 943 3979; x_wconf 85' lang='lat' dir='ltr'><strong>de</strong></span> <span class='ocrx_word' id='word_1_222' title='bbox 955 3926 1066 3979; x_wconf 88' lang='lat' dir='ltr'><strong>nomiae</strong></span> <span class='ocrx_word' id='word_1_223' title='bbox 1089 3924 1165 3976; x_wconf 81' lang='lat' dir='ltr'><strong>urbis</strong></span> <span class='ocrx_word' id='word_1_224' title='bbox 1187 3940 1243 3976; x_wconf 80' lang='lat' dir='ltr'><strong>suae</strong></span> <span class='ocrx_word' id='word_1_225' title='bbox 1266 3922 1375 3978; x_wconf 70' lang='lat' dir='ltr'><strong>Cenaei</strong></span> 
     </span>
     <span class='ocr_line' id='line_1_33' title="bbox 376 4013 523 4079; baseline -0.007 -14"><span class='ocrx_word' id='word_1_226' title='bbox 376 4013 523 4079; x_wconf 80' lang='lat' dir='ltr'><strong>appellant</strong></span> 
     </span>
    </p>
   </div>
   <div class='ocr_carea' id='block_1_4' title="bbox 475 4095 909 4164">
    <p class='ocr_par' dir='ltr' id='par_1_12' title="bbox 475 4095 909 4164">
     <span class='ocr_line' id='line_1_34' title="bbox 475 4095 909 4164; baseline 0 -14"><span class='ocrx_word' id='word_1_227' title='bbox 475 4098 500 4150; x_wconf 88' lang='lat'><em>2</em></span> <span class='ocrx_word' id='word_1_228' title='bbox 517 4096 566 4150; x_wconf 71' lang='lat' dir='ltr'><strong>Eut</strong></span> <span class='ocrx_word' id='word_1_229' title='bbox 579 4097 677 4164; x_wconf 76' lang='lat' dir='ltr'><strong>lagena</strong></span> <span class='ocrx_word' id='word_1_230' title='bbox 689 4096 802 4164; x_wconf 76' lang='lat' dir='ltr'><strong>aquaria</strong></span> <span class='ocrx_word' id='word_1_231' title='bbox 812 4095 909 4150; x_wconf 69' lang='lat' dir='ltr'><strong>vitra.</strong></span> 
     </span>
    </p>
   </div>
   <div class='ocr_carea' id='block_1_5' title="bbox 0 0 1586 5016">
    <p class='ocr_par' dir='ltr' id='par_1_13' title="bbox 0 0 1586 5016">
     <span class='ocr_line' id='line_1_35' title="bbox 0 0 1586 5016; baseline 0 0"><span class='ocrx_word' id='word_1_232' title='bbox 0 0 1586 5016; x_wconf 95' lang='lat' dir='ltr'><strong> </strong></span> 
     </span>
    </p>
   </div>
  </div>
 </body>
</html>
