3128 5016
705 781 852 835 suanm
1235 766 1277 834 43

277 951 406 1034 digam¹
436 949 646 1018 meritoriam
674 948 927 1030 intercepimus,
949 954 985 1017 et
1008 955 1122 1017 ortum
1146 971 1277 1031 versus,

279 1052 341 1121 sub
359 1051 491 1132 itinere,
507 1071 628 1119 versus
643 1049 795 1118 Plateam
821 1048 1028 1118 ferebamur.
1066 1049 1201 1118 Interea
1227 1072 1279 1119 ro

280 1174 354 1221 rare
368 1151 484 1234 coepit,
499 1173 539 1220 ac
554 1150 709 1219 bitumen
724 1149 911 1232 pavimenti
937 1149 1065 1231 speculi
1080 1149 1169 1231 nigri
1183 1172 1277 1218 more

280 1252 436 1333 micabat,
449 1250 634 1321 luminibus
648 1250 682 1319 in
698 1272 739 1319 eo
754 1249 896 1331 depictis
922 1248 989 1319 huc
1014 1257 1050 1318 et
1075 1250 1153 1319 illuc
1179 1251 1280 1320 vacil-

281 1353 436 1422 lantibus
459 1352 532 1420 Viae
547 1373 652 1434 prope
675 1357 774 1419 erant
798 1351 925 1432 inanes,
950 1350 1040 1432 quod
1066 1351 1277 1422 theatrorum

281 1452 485 1536 frequentiae
499 1452 567 1521 iam
582 1451 753 1534 dissipatae
769 1457 877 1532 erant,
904 1450 1018 1532 sicque
1044 1451 1195 1521 Plateam
1222 1477 1280 1522 na-

282 1554 336 1635 cti,
351 1555 387 1622 in
402 1575 511 1635 eaque
525 1552 684 1622 deorsum
699 1552 800 1633 versi,
814 1551 968 1634 digarius
982 1553 1214 1623 scintillarium
1227 1577 1281 1624 su-

283 1676 340 1723 um
355 1654 482 1736 adegit,
498 1675 628 1735 nosque
640 1674 760 1722 versus
772 1652 1103 1735 Quartamdecimam
1119 1654 1217 1723 Viam
1233 1656 1281 1724 ita

283 1755 488 1836 ferebamur,
503 1761 544 1822 ut
559 1753 714 1822 celeritas
727 1753 809 1821 mihi
824 1775 995 1822 canonum
1010 1754 1105 1823 urbis
1119 1756 1281 1825 conditio-

284 1878 342 1925 nes
357 1856 392 1924 in
409 1861 560 1924 mentem
576 1860 763 1922 revocaret.
797 1852 862 1922 Sed
878 1854 993 1923 nullus
1008 1853 1105 1922 lictor
1120 1877 1156 1924 se
1171 1856 1282 1939 inges-

284 1957 336 2038 sit,
358 1964 394 2026 et
418 1956 464 2025 sic
489 1955 640 2037 quinque
663 1954 805 2022 minutis
827 1961 902 2035 post
929 1961 1008 2022 ante
1030 1955 1120 2024 aedes
1134 1957 1281 2027 Vantine

284 2057 415 2140 appulsi
430 2056 655 2125 constitimus.

366 2174 475 2243 Parks
489 2173 670 2241 videbatur
686 2172 721 2241 in
736 2172 876 2254 fastigio
902 2173 1075 2255 graduum
1102 2198 1157 2244 me
1181 2198 1283 2260 oppe-

286 2275 373 2344 riens
388 2274 531 2354 stetisse,
548 2294 627 2341 nam
643 2295 740 2354 paene
756 2280 941 2355 antequam
963 2273 1043 2356 diga
1068 2284 1184 2344 nostra
1207 2300 1284 2346 con·

286 2377 434 2456 stitissct,
450 2374 521 2456 ipse
538 2373 684 2442 halitans
700 2373 904 2442 decucurrit.
938 2374 1010 2456 Ope
1026 2376 1194 2445 luminum
1211 2379 1284 2447 Pla-

286 2483 349 2545 teae
363 2475 500 2544 vultum
515 2474 590 2543 eius
604 2474 841 2555 animadverti,
856 2473 939 2542 dum
955 2474 1086 2557 digario
1101 2479 1284 2548 tessellam²

287 2575 512 2659 argentariam
530 2574 716 2656 tradebam,
732 2596 770 2643 ac
786 2575 860 2642 fere
876 2596 931 2642 me
948 2574 1185 2657 obstupefecit.

367 2694 486 2762 “Tune
502 2693 531 2761 is
545 2713 591 2772 es,
608 2692 653 2760 mi
670 2692 761 2760 Here
777 2691 943 2760 Lester?”
959 2692 1079 2761 halitat
1095 2693 1176 2776 ipse.
1210 2695 1284 2765 “Dii

287 2802 320 2863 te
334 2792 467 2864 ament!
490 2793 600 2875 Quam
617 2814 671 2860 me
685 2791 831 2860 delectat
847 2791 901 2859 hic
916 2799 951 2860 te
967 2792 1082 2862 videre
1098 2830 1138 2838 -
1150 2794 1178 2862 !”

367 2909 550 2980 Brachium
566 2909 639 2977 eius
659 2909 877 2977 contrectavi.

368 3011 492 3091 “Erige
508 3009 601 3078 siste
616 3009 662 3076 mi
678 3009 780 3076 homo
791 3007 819 3076 !'’
836 3010 924 3077 solor
939 3031 1028 3079 eum.
1052 3009 1150 3081 “Noli
1173 3013 1285 3082 dilabi.

289 3112 370 3180 Fare
386 3133 477 3179 nunc
495 3145 534 3153 -
550 3108 632 3191 quid
648 3109 770 3177 accidit
779 3109 815 3177 ?”

368 3228 530 3297 Omnium
544 3248 729 3295 nervorum
745 3227 963 3296 contentione
978 3250 1014 3297 se
1029 3232 1229 3312 composuit.

369 3330 461 3398 “lam
479 3328 538 3397 tibi
553 3327 740 3409 ostendam,
757 3328 802 3396 mi
819 3328 941 3409 Here,”
956 3330 1080 3411 quibus
1091 3333 1204 3401 verbis
1215 3355 1288 3401 sur-

389 3567 412 3617 1.
430 3564 544 3616 Romani
558 3563 625 3615 duos
645 3579 729 3629 equos
754 3564 862 3615 iunctos
876 3562 981 3628 bipam,
1002 3570 1065 3624 tres,
1080 3564 1198 3630 trapam,
1226 3584 1279 3633 qua

292 3653 350 3699 tuor
362 3645 540 3714 prrodrr'pam
552 3647 738 3711 appellarunt:
757 3663 807 3712 ego
821 3663 938 3706 currum,
952 3648 996 3699 cui
1021 3649 1090 3700 nulli
1114 3651 1175 3715 equi
1201 3651 1287 3703 iuncti

290 3739 359 3791 sunt,
376 3732 490 3796 ideoque
507 3731 584 3796 quasi
602 3728 725 3782 deiuncti
740 3731 940 3791 existimantur,
954 3729 1054 3795 dipem
1066 3749 1141 3785 voco.
1155 3761 1187 3768 -
1199 3733 1289 3786 Meri·

291 3815 405 3877 tomum,
423 3816 473 3867 boc
487 3816 514 3866 in
528 3831 618 3875 sensu,
631 3822 672 3867 est
686 3816 848 3867 Romanum.

385 3919 409 3968 2.
430 3913 557 3967 Tesaello
570 3915 745 3981 carpentario
759 3917 803 3967 vel
827 3920 948 3978 tessera,
977 3922 1009 3968 ut
1032 3934 1112 3983 supra
1143 3918 1218 3984 (Cap.
1237 3920 1287 3984 iii),

289 4006 327 4052 est
340 4000 454 4066 pecunia
467 3999 618 4059 chartacea,
632 4016 713 4065 quam
727 4001 890 4065 argentaria
904 4001 1045 4067 evulgant.
1058 4030 1090 4038 —
1103 4001 1286 4067 Arpentoria

289 4090 327 4136 est
338 4085 459 4144 taberna,
471 4083 515 4135 cui
528 4084 658 4148 pecunias
672 4090 779 4136 nostras
791 4085 988 4147 concredimus
1005 4086 1157 4138 Romanum
1169 4093 1218 4139 est.
