3128 5016
354 723 395 791 16
619 735 827 788 ursrnmuu
849 735 956 789 tucn
978 730 1095 789 nouus

353 906 477 1031 locum,³
492 903 551 973 ubi
567 910 712 972 mortem
727 903 829 971 nullis
854 903 1001 972 testibus
1022 903 1084 973 sibi
1109 904 1295 974 adsciscere
1320 907 1355 975 li·

353 1012 638 1187 cereRQuantum
652 1103 816 1186 temporis
830 1103 1021 1174 intercessit
1037 1104 1128 1174 inter
1151 1105 1313 1176 nuntium
1334 1130 1356 1177 a

354 1205 472 1354 Parkvs„
491 1205 645 1285 allatum,
674 1211 901 1288 vestrumque
931 1225 1010 1273 cum
1040 1204 1188 1275 Vantine
1219 1205 1355 1277 descen·

353 1326 645 1472 sum“intumum
661 1403 810 1472 fortasse
825 1403 950 1473 horaex’

437 1503 647 1586 Goldberger
663 1510 752 1572 nutu
768 1503 901 1585 probat.

438 1620 612 1690 “Citemus
628 1619 766 1702 Parks‚”
781 1619 877 1689 iubet
893 1620 956 1690 ille.

437 1721 548 1790 Pansa
561 1720 668 1802 igitur
683 1721 786 1789 ianua
802 1719 911 1789 Parks
926 1721 985 1803 qui
1001 1721 1035 1790 in
1050 1721 1167 1791 infimo
1178 1723 1290 1806 gradu
1306 1747 1355 1795 se

353 1822 466 1902 debat,
482 1820 696 1890 inclamando
711 1821 885 1890 accersivi.

437 1938 606 2008 Conclave
620 1938 806 2006 intrantem
823 1937 931 2007 Parks
946 1938 1156 2023 Goldberger
1177 1943 1355 2015 sollertiori

353 2060 436 2108 cura
450 2039 598 2107 intuitus
612 2046 681 2118 est;
703 2037 763 2107 sed
779 2037 883 2107 dubio
909 2038 1000 2108 circa
1026 2039 1135 2109 Parks
1159 2040 1253 2112 haud
1280 2053 1355 2114 erat

352 2139 444 2208 ullus
456 2140 560 2208 locus
582 2137 672 2207 Nam
687 2138 759 2221 ipse
774 2137 809 2206 in
825 2138 972 2208 servitiis
986 2138 1134 2209 Vantine
1145 2141 1251 2212 denos
1265 2152 1356 2214 octu

352 2260 415 2309 nos
429 2246 490 2308 aut
506 2239 574 2308 iam
589 2246 751 2321 exegerat
761 2259 879 2320 annos,
895 2246 1000 2321 atque
1016 2239 1215 2310 indiciorum
1229 2245 1355 2315 caculae

352 2338 449 2422 probi
464 2359 504 2407 ac
519 2338 578 2407 fidi
594 2359 734 2420 prorsus
749 2346 823 2407 erat
845 2339 976 2420 plenus.

437 2437 601 2507 “Nostine
627 2437 718 2507 hunc
744 2437 959 2508 hominemt”
986 2440 1110 2521 quaerit
1134 2440 1355 2526 Goldberger,

352 2538 499 2608 cadaver
511 2546 614 2621 gestu
631 2538 794 2607 indicans.

438 2654 537 2724 “Non
561 2655 653 2734 novi,
680 2654 801 2736 Here,”
827 2655 1009 2736 respondet
1025 2655 1142 2725 Parks.
1165 2657 1353 2742 Nunquam

351 2764 434 2826 ante
449 2755 583 2825 circiter
597 2774 703 2825 unam
718 2753 837 2823 horam
853 2776 933 2823 eum
948 2755 1019 2824 vidi
1034 2777 1137 2837 quam
1153 2756 1284 2840 Rogers
1298 2781 1354 2830 mc

351 2855 488 2926 ediaeta
513 2855 751 2935 devocaverat,
778 2854 923 2936 aliquem
952 2855 1006 2924 hic
1034 2877 1108 2925 esse
1133 2857 1355 2940 significando

351 2956 409 3039 qui
424 2956 545 3024 herum
562 2954 713 3023 Vantine
727 2954 910 3022 convenire
927 2956 1061 3024 vellet.”

435 3072 620 3155 “Quisnam
636 3080 688 3140 est
705 3072 877 3153 Rogersr’*

434 3172 667 3255 “Pedisequus
680 3172 734 3240 iile
749 3179 812 3252 est,
828 3171 927 3240 Here.
945 3172 1004 3240 Ille
1019 3181 1071 3241 est
1087 3174 1145 3256 qui
1161 3175 1288 3244 tinnitu
1304 3199 1354 3246 os

351 3273 389 3342 tii
405 3280 567 3342 evocatus
581 3279 740 3354 apertum
756 3272 850 3340 ivit.'’

435 3371 626 3456 “Quidnam
643 3380 718 3440 tum
734 3371 892 3441 evenit?”

434 3489 529 3571 “Ego
555 3489 721 3572 pagellam
749 3489 823 3558 eius
845 3490 1147 3559 nomenclatoriam
1171 3492 1215 3560 ad
1230 3491 1352 3562 herum

351 3589 498 3659 Vantine
514 3589 651 3658 detuli.”

434 3707 549 3775 “Num
565 3706 669 3776 herus
683 3705 833 3774 Vantine
849 3705 946 3774 novit
963 3706 1173 3777 hominemi’'

435 3805 534 3874 “Non
550 3806 665 3884 novit;
689 3806 787 3887 proin
801 3826 940 3874 causam
956 3805 1031 3875 eius
1046 3806 1218 3878 adventus
1244 3809 1353 3879 scisci·

350 3913 445 3975 tatus
459 3907 541 3974 est.”

438 4022 624 4101 “Quonam
639 4043 722 4105 ergo
739 4022 912 4105 proposito
926 4023 1057 4092 venit?'’
