3128 5016
539 823 662 878 onnnr
684 824 830 877 01>an
852 822 1017 878 comma
1235 805 1276 875 51

359 992 555 1063 “Arcanum
571 992 618 1062 rei
634 993 717 1074 est,''
733 992 846 1075 pergit
861 991 1015 1074 Hughes,
1031 991 1089 1074 qui
1104 1013 1184 1061 suos
1208 989 1278 1059 ani·

279 1095 323 1163 mi
334 1095 480 1164 affectus
494 1094 651 1164 tentabat
666 1093 842 1176 explicare,
865 1091 977 1175 “quod
1003 1091 1086 1161 mihi
1112 1099 1277 1160 terrorem

277 1195 397 1264 incutit
412 1194 594 1277 -aliquid
618 1195 654 1263 in
679 1195 745 1264 ista
769 1215 806 1262 re
832 1199 957 1275 praeter
980 1199 1140 1262 naturam
1166 1198 1219 1260 est
1233 1227 1275 1234 -

278 1296 389 1378 aliquo
403 1294 504 1364 modo
519 1294 610 1377 quod
625 1315 745 1377 capere
760 1315 937 1376 nequeam.
960 1292 1050 1361 Nam
1077 1293 1136 1375 qui
1161 1291 1278 1361 evenit

279 1403 318 1464 ut
332 1395 549 1464 victimarum
564 1402 711 1478 uterque
725 1394 760 1462 in
776 1415 880 1463 manu
896 1400 989 1462 recta
1003 1393 1091 1462 ictus
1106 1392 1174 1462 sit?
1207 1391 1277 1461 Cur

279 1517 345 1565 non
359 1495 394 1565 in
409 1517 514 1565 manu
530 1494 642 1564 laeva?
664 1495 734 1565 Cur
748 1495 783 1563 in
798 1516 904 1563 manu
918 1495 973 1562 vel
987 1493 1135 1562 maxime
1146 1492 1183 1562 ?''

360 1613 512 1696 Godfrey
527 1612 720 1695 desperans,
735 1613 837 1681 vulsu
853 1611 1074 1681 humerorum
1093 1608 1276 1694 respondit,

360 1712 419 1782 “ld
435 1712 648 1796 potissimum
664 1712 822 1795 estquod
837 1711 934 1781 nobis
955 1711 1157 1781 solvendum
1180 1710 1276 1790 erit,”

281 1813 400 1897 inquit.

360 1931 529 2000 “Necesse
559 1931 624 2000 erit
651 1931 749 2000 nobis
777 1931 911 2000 lictores
935 1930 1124 2012 invocare,’'
1155 1928 1277 1998 suadet

281 2030 431 2115 Hughes.
454 2030 631 2101 “Fortasse
646 2031 668 2100 ii
684 2033 814 2101 solvere
830 2030 1024 2100 valebunt.''

360 2150 511 2231 Godfrey
530 2150 596 2219 leni
615 2148 802 2219 dubitantis
817 2149 887 2218 risu
904 2170 1056 2231 represso
1072 2146 1260 2230 respondit:

360 2267 627 2351 “Opportunitas
640 2268 759 2337 saltem
774 2266 837 2335 illis
851 2266 1032 2335 tribuenda
1047 2272 1116 2346 est;
1131 2265 1227 2334 visne
1242 2263 1275 2332 id

280 2368 348 2438 fieri
363 2367 526 2438 curem?”

360 2486 496 2566 “Volo”
511 2485 623 2568 inquit
638 2484 790 2567 Hughes,
814 2482 869 2552 “et
885 2484 947 2553 hoc
963 2483 1079 2553 statim
1094 2483 1166 2552 fieri
1182 2483 1275 2552 iuva-

281 2586 336 2656 bit
359 2587 435 2669 Quo
450 2585 550 2654 citius
564 2585 631 2654 huc
645 2584 874 2667 pervenerint,
890 2606 930 2653 eo
946 2584 1011 2653 erit
1025 2583 1176 2652 melius.”

360 2685 517 2754 “Faciam
532 2684 604 2754 sine
620 2685 745 2767 mora,”
757 2692 792 2753 et
806 2685 858 2753 his
873 2685 987 2754 verbis
1002 2707 1020 2753 e
1035 2683 1187 2754 conclavi
1211 2705 1270 2752 ex·

281 2786 386 2856 cessit

361 2902 506 2985 Hughes
530 2901 565 2970 in
588 2901 742 2984 grabato
769 2923 873 2984 prope
898 2901 942 2970 ad
964 2902 1162 2984 fenestram,
1177 2901 1276 2984 gravi

281 3003 426 3085 pondere
451 3002 611 3084 consedit,
636 3003 853 3083 frontemque
879 3002 1059 3071 sudantem
1083 3023 1188 3071 manu
1211 3009 1277 3071 tre·

280 3104 369 3174 mula
394 3104 520 3172 iterum
543 3103 694 3171 detersit.
732 3102 875 3171 Mortuis
900 3103 1086 3171 tractandis
1111 3102 1182 3185 ipse
1204 3109 1275 3172 tam

281 3213 352 3274 erat
365 3210 523 3272 assuetus
538 3202 652 3271 -sed
667 3210 777 3271 morte
792 3202 914 3272 decora
934 3202 1084 3284 sublatis,
1110 3210 1219 3272 morte
1240 3204 1275 3272 in

281 3304 373 3385 lecto,
388 3311 450 3372 aut
480 3325 561 3371 vero
576 3325 595 3370 e
610 3324 816 3384 quacunque
838 3325 941 3372 causa
955 3303 1046 3372 iusta
1059 3310 1095 3372 et
1110 3303 1214 3386 probe
1229 3304 1278 3373 in·

281 3405 412 3474 tellecta
426 3403 648 3486 provenienti.
685 3403 814 3471 Verum
830 3425 930 3485 mors,
946 3404 1009 3473 hac
1023 3404 1058 3471 in
1074 3403 1220 3473 terrifica
1241 3412 1277 3474 et

280 3526 401 3573 arcana
428 3503 548 3586 specie,
580 3502 805 3585 trepidatione
835 3525 915 3572 eum
944 3504 1107 3586 perculit;
1138 3525 1275 3574 causam

281 3604 397 3673 mortis
411 3603 555 3686 idgenus
568 3625 689 3685 capere
705 3625 772 3671 non
795 3610 938 3685 poterat,
954 3610 990 3672 et
1005 3603 1048 3672 ob
1063 3603 1096 3671 id
1109 3603 1277 3674 attonitus

281 3703 420 3786 stupuit.
437 3704 512 3786 lpse
528 3703 679 3772 medicus
692 3709 775 3784 erat,
791 3725 960 3785 suumque
975 3703 1045 3773 fuit
1059 3724 1114 3772 res
1128 3704 1214 3773 tales
1227 3704 1276 3773 in-

280 3804 446 3887 telligere;
469 3811 504 3871 et
527 3809 642 3871 tamen
657 3824 733 3871 ecce
748 3824 865 3872 casum
883 3802 1011 3885 mortis,
1027 3802 1085 3886 qui
1100 3802 1206 3886 ipsius
1220 3825 1276 3886 pe-

280 3903 389 3972 ritiam
405 3903 535 3972 ratione
556 3924 668 3972 causae
681 3902 729 3972 ita
743 3903 854 3984 elusit,
877 3925 980 3985 quam
1003 3902 1235 3986 cuiuscunque
1256 3926 1275 3974 e

280 4003 388 4073 trivio.
411 4003 585 4072 Eventum
601 4010 673 4072 tam
690 4011 815 4086 praeter
830 4003 982 4072 ordinem
997 4024 1076 4072 eum
1091 4003 1135 4072 ad
1149 4003 1278 4088 propri·

282 4125 334 4173 am
350 4103 526 4174 scientiam
541 4103 818 4184 addubitandam,
834 4103 1048 4186 examinique
1063 4102 1279 4175 substemen·
