3128 5016
561 793 866 847 enaeannnonns
1151 777 1211 847 105

211 962 349 1043 quando
365 984 481 1029 veram
498 962 664 1043 cuiusque
680 963 727 1030 rei
743 962 911 1044 grauioris
925 962 1087 1030 momenti
1103 961 1214 1045 requi·

213 1069 304 1130 reret
320 1063 488 1143 notitiam,
505 1063 547 1130 ud
564 1066 698 1131 Recond
713 1085 749 1130 se
765 1071 964 1131 convertere
980 1062 1145 1131 debuisse.

294 1162 375 1230 Haec
391 1171 506 1230 tamen
523 1162 631 1230 obiter
647 1163 783 1243 fiebant,
799 1163 872 1244 ipsa
887 1164 977 1231 enim
989 1163 1134 1243 geminae
1146 1169 1213 1230 tra-

210 1263 335 1343 goediae
353 1262 501 1343 historia,
517 1264 595 1330 fuse
610 1263 788 1344 illustrata,
810 1285 870 1344 per
886 1270 983 1331 antes
999 1263 1113 1344 plures
1128 1263 1214 1331 eflu-

211 1384 247 1429 sa
263 1371 347 1443 erat,
364 1363 513 1444 satisque
528 1363 707 1431 constabat
723 1386 855 1431 summa
871 1363 935 1431 diei
960 1386 1050 1431 nova
1074 1364 1212 1431 censeri.

294 1462 365 1530 Sub
380 1463 499 1530 itinere
514 1462 673 1530 deorsum
690 1463 722 1530 in
740 1463 860 1531 urbem
884 1464 982 1544 plura
1007 1463 1136 1544 inspexi
1162 1463 1210 1530 di-

211 1584 308 1630 uma.
343 1563 497 1631 Eventus
523 1564 584 1630 bos
612 1563 758 1643 tragicos
782 1570 907 1630 cuncta
933 1563 1054 1630 horum
1085 1586 1212 1643 magna

210 1663 397 1743 imaginum
415 1663 625 1744 prolluvione
643 1700 676 1705 -
698 1663 902 1743 imaginibus
918 1664 1098 1743 d’Aurelle,
1125 1664 1213 1731 Van·

211 1763 291 1842 tine,
308 1763 422 1843 (lrady
439 1763 642 1843 (vegrandi),
658 1763 859 1842 Simmonds,
876 1764 1094 1844 (loldberger,
1111 1764 1137 1830 F
1139 1786 1212 1845 rey-

210 1863 414 1944 linghuiscn,
430 1864 554 1932 aedium
581 1864 738 1944 Vantine,
764 1866 1023 1941 collustrarunt;
1046 1864 1213 1945 diagram-

211 1971 303 2031 mata
318 1964 522 2031 exhibebant
539 1965 698 2032 conclave
714 1987 792 2032 cum
818 1964 885 2031 situ
903 1964 960 2031 ubi
975 1964 1142 2031 cadavera
1164 1986 1212 2031 re·

210 2071 307 2145 perta
323 2064 405 2143 sint;
423 2064 625 2131 lineamenta
640 2064 830 2132 anatomica
846 2064 1051 2131 exhibebant
1066 2064 1211 2132 indolem

210 2164 410 2243 vulnerum;
433 2164 638 2231 accedebant
654 2164 784 2243 effigies
806 2163 1033 2231 veneticorum
1061 2172 1212 2231 vetusta·

214 2263 257 2331 tis
281 2286 359 2331 cum
385 2264 511 2331 tabulis
534 2263 719 2331 admodum
744 2264 890 2344 turgidis
916 2264 958 2332 de
982 2263 1084 2331 rebus
1106 2264 1212 2345 gestis

212 2385 339 2442 eorum,
354 2400 386 2406 —
402 2364 461 2431 sed
479 2363 534 2431 ubi
548 2363 589 2431 ad
600 2363 831 2446 explicandam
848 2364 955 2445 ipsam
972 2363 1073 2431 huius
1088 2371 1213 2445 tragoe-

210 2463 274 2530 diae
291 2463 464 2531 historiam
483 2472 685 2545 perventum
708 2475 769 2543 est,
786 2465 894 2544 reperi
911 2487 951 2531 ea
966 2464 1076 2545 magis
1100 2464 1213 2532 ieiuna

212 2571 246 2630 et
262 2563 375 2631 minus
391 2564 509 2631 intima
526 2587 664 2631 narrare
680 2586 783 2644 urrann
807 2563 913 2630 relata
939 2563 1044 2644 ipsius
1070 2566 1211 2631 Record.

294 2664 459 2745 Pleraque
486 2665 608 2732 horum
635 2687 729 2731 mera
756 2671 829 2730 crat
857 2666 994 2743 farrago
1026 2664 1212 2732 theorema-

212 2772 298 2843 tum,
322 2765 595 2845 hariolationum,
622 2764 892 2845 suggestionum,
918 2763 1043 2844 quibus
1072 2765 1213 2845 sanguis

210 2865 376 2945 rigescere
392 2865 505 2945 possit,
533 2865 624 2942 item,
650 2865 736 2931 elam
764 2863 903 2931 innuere
929 2863 1121 2944 gestiebant
1138 2887 1212 2945 pro

212 2965 339 3032 fundas
364 2965 502 3032 notitias
529 2964 730 3032 relatoribus
755 2964 908 3043 confisas,
943 2986 1009 3031 non
1040 2965 1211 3032 tamenin

211 3065 381 3146 publicum
398 3065 619 3144 evulgandos,
635 3065 740 3132 donec
757 3064 863 3131 sicarii
881 3065 1029 3145 oppressi
1055 3065 1211 3132 luissent.

211 3166 248 3233 ld
265 3174 380 3232 autem
397 3187 475 3231 mox
492 3166 622 3232 factum
640 3165 678 3231 iri
703 3165 784 3231 nulli
811 3165 933 3232 diurno
958 3172 1032 3232 erat
1059 3165 1211 3245 dubium,

210 3266 376 3348 siquidem
392 3287 504 3332 nonne
521 3264 646 3345 Grady,
663 3287 810 3345 magnus
825 3265 878 3332 illc
895 3265 1018 3345 Grady‚
1041 3265 1073 3332 in
1102 3288 1214 3347 perso-

209 3389 253 3434 na
268 3366 470 3446 suscepisset
488 3387 541 3432 res
557 3363 866 3432 administrandas?
908 3364 987 3443 (llic
1003 3364 1124 3433 deinde
1140 3367 1210 3446 glo-

209 3468 295 3535 riosa
312 3465 519 3547 sequebatur
535 3465 675 3532 historia
697 3487 810 3532 rerum
828 3488 847 3532 a
865 3465 978 3544 (lrady
1003 3468 1210 3545 gestamm).

292 3566 380 3635 Satis
395 3589 437 3632 ex
453 3565 504 3632 his
520 3565 735 3646 perspicuum
752 3572 825 3633 erat
842 3586 958 3632 omncs
974 3565 1034 3632 hos
1051 3566 1212 3635 relatores

209 3667 251 3736 ad
268 3689 348 3734 suas
363 3666 500 3733 notitias
515 3665 717 3733 obtinendas
731 3665 773 3733 ad
791 3666 903 3746 Grady
920 3687 1093 3734 recurrere
1109 3667 1212 3736 debu-

210 3769 284 3846 isse,
300 3774 335 3835 et
349 3767 448 3834 facile
465 3766 547 3834 mihi
564 3764 693 3845 fingere
710 3787 797 3846 queo
820 3767 877 3846 qui
894 3765 928 3832 hi
945 3766 1106 3834 relatores
1127 3767 1211 3836 dum

210 3868 282 3936 haec
313 3866 518 3948 panegyrica
546 3864 645 3932 inviti
661 3865 905 3946 scriptitabant,
935 3885 1050 3932 secum
1076 3868 1211 3936 eumin

210 3969 298 4037 mala
313 3968 523 4036 devoverint.
548 3965 659 4032 Etiam
674 3967 849 4034 commode
865 3964 945 4033 mihi
970 3965 1099 4047 tingere
1124 3989 1211 4048 queo

210 4068 496 4160 quemadmodum
526 4065 782 4136 concinnatores
803 4065 914 4135 diurni
940 4064 1012 4135 haec
1036 4087 1126 4150 vaga
1151 4068 1213 4152 fig-
