3150 5468
715 1265 812 1319 uons
1196 1247 1261 1317 20³

256 1434 289 1503 hi
306 1435 339 1502 in
357 1443 506 1503 mentem
523 1435 629 1516 venit,
645 1455 706 1503 nec
722 1434 793 1516 ipse
809 1432 996 1516 quidquam
1020 1432 1101 1500 mihi
1124 1430 1166 1500 de
1188 1431 1260 1501 suis

259 1534 403 1602 consiliis
419 1534 575 1616 prodidit.

344 1634 470 1703 Dehinc
501 1657 639 1703 cursum
669 1635 860 1703 contentior
888 1632 1126 1716 prosequebar,
1162 1640 1261 1702 ratus

260 1735 409 1816 Godirey
427 1757 530 1802 manu
548 1735 638 1803 haud
654 1735 736 1803 mihi
761 1734 1032 1816 significaturum
1056 1734 1173 1814 fuisse,
1196 1733 1260 1802 nisi

259 1857 312 1903 me
329 1836 489 1903 interesse
506 1836 676 1903 voluisset.
700 1836 812 1904 Comu
829 1835 935 1916 igitur
951 1835 983 1902 in
1009 1842 1159 1916 tempore
1184 1834 1262 1903 atti·

259 1935 304 2015 gi,
320 1935 456 2016 vidique
473 1936 655 2017 petoritum
673 1936 706 2002 in
724 1935 839 2003 Platea
865 1934 967 2003 Sexta
983 1956 1102 2002 versus
1117 1942 1261 2016 septem·

261 2035 404 2102 trionem
420 2035 484 2103 iter
499 2034 639 2103 flexisse.
658 2035 777 2116 Igitur,
794 2034 940 2116 primum
956 2056 1059 2115 quam
1076 2034 1260 2116 petoritum

259 2143 293 2202 et
321 2135 563 2216 subsequentia
590 2136 716 2216 pilenta
741 2135 827 2202 visui
850 2156 926 2202 meo
950 2156 986 2202 se
1009 2134 1260 2215 subduxissent,

259 2235 406 2303 marimo
422 2256 523 2316 quam
541 2257 602 2317 par
616 2257 708 2303 eram
732 2256 831 2303 cursu
848 2234 881 2302 in
898 2234 1034 2302 tramite
1050 2255 1104 2302 me
1119 2233 1259 2315 concito,

258 2335 526 2416 perveniensque
537 2335 568 2403 in
583 2357 699 2414 comu,
716 2335 814 2402 laetus
829 2334 898 2401 vidi
911 2334 1065 2402 vehicula
1076 2334 1187 2414 aloco,
1199 2334 1257 2403 ubi

259 2447 332 2502 tum
360 2436 502 2514 stabam,
530 2435 620 2503 haud
646 2437 792 2503 multum
814 2435 940 2502 abesse.
978 2434 1260 2517 Quandoquidem

259 2536 453 2616 frequentia
469 2536 521 2603 hic
538 2536 719 2603 admodum
736 2544 809 2603 erat
825 2535 938 2614 densa,
961 2535 1144 2617 petoritum
1167 2533 1259 2603 baud

245 2627 404 2703 'multum
421 2636 582 2717 proficere
599 2644 740 2717 poterat,
757 2644 790 2703 et
807 2657 870 2716 ego
891 2634 982 2702 haud
1003 2656 1127 2715 magno
1148 2635 1260 2704 labore

258 2758 376 2814 pressu
395 2736 425 2803 id
443 2737 623 2817 adaquare
639 2745 801 2817 poteram,
818 2736 900 2817 quin
917 2757 971 2803 me
987 2735 1020 2803 in
1038 2744 1134 2803 tanta
1159 2735 1260 2804 turba

263 2846 457 2916 suspectum
471 2837 754 2903 redderemcursu
766 2837 916 2903 anhelus.
931 2837 1019 2915 Quin
1037 2837 1137 2904 etiam
1154 2837 1261 2904 satius

260 2935 339 3001 duxi
368 2958 421 3002 me
449 2937 481 3002 in
510 2936 611 3003 turba
626 2936 839 3017 aliquantum
867 2936 1070 3003 retrahendo
1096 2936 1204 3005 celare
1225 2936 1260 3004 in

262 3036 406 3114 tramite,
434 3058 476 3102 ne
503 3035 652 3102 rinnand
678 3036 963 3116 circumspectans
986 3057 1040 3103 me
1071 3036 1260 3104 clanculum

261 3156 339 3201 eum
358 3136 510 3202 insectari
527 3136 787 3217 conspicaretur.

348 3235 437 3302 idem
467 3236 689 3303 animadverti
715 3246 748 3302 et
775 3236 925 3316 Godirey
953 3236 1262 3317 atqueSimmonds

267 3336 386 3410 vereri,
404 3358 481 3403 nam
500 3337 567 3402 vidi
586 3337 750 3416 pilentum
767 3337 808 3403 ad
833 3337 928 3403 incile
954 3337 1134 3404 deversum
1161 3337 1266 3406 consi·

264 3436 910 3516 steresequecontinerctantisperdum
922 3437 1265 3520 petoritumaliquan·

263 3549 335 3603 tum
354 3538 624 3617 progrederetur.
659 3538 721 3604 Via
737 3537 883 3617 denique
899 3536 1071 3604 Sedecimri
1087 3560 1121 3604 se
1138 3538 1260 3606 iterum

260 3636 302 3702 ad
319 3637 525 3703 occidentem
544 3637 690 3715 deflexit,
715 3636 791 3704 inde
814 3645 928 3704 autem
947 3637 1009 3704 iter
1025 3639 1058 3704 in
1077 3639 1192 3706 Platea
1207 3638 1263 3708 Se·

262 3737 366 3816 ptima
384 3747 599 3817 prosecutum
616 3747 677 3803 est.

345 3837 512 3916 Quidnam
529 3837 632 3904 herus
648 3836 797 3904 llnnand
815 3836 876 3904 hac
899 3836 931 3903 in
962 3845 1057 3917 parte
1084 3837 1178 3906 urbis
1199 3838 1261 3907 sibi

262 3936 431 4015 agendum
451 3938 574 4017 putat?
596 3960 616 4004 a
632 3960 684 4004 me
701 3938 772 4018 ipso
788 3959 913 4017 (quaero.
946 3936 1049 4005 Estne
1064 3937 1124 4005 sibi
1142 3939 1174 4006 in
1191 3939 1261 4007 ani·

264 4059 318 4103 mo
335 4037 420 4102 hanc
438 4037 708 4116 pretiosissimam
736 4059 848 4103 arcam
865 4037 898 4102 in
916 4037 979 4103 ista
996 4059 1186 4105 ammnosa
1208 4061 1262 4107 ur·

263 4137 313 4202 bis
330 4145 425 4217 parte
442 4137 655 4217 relinquere?
679 4137 740 4203 Hic
756 4136 868 4203 subito
892 4137 1036 4215 constiti,
1061 4146 1095 4204 et
1119 4138 1152 4204 in
1169 4139 1262 4218 angi·

263 4248 397 4317 portum
426 4237 554 4314 secessi,
572 4237 661 4317 quod
679 4237 861 4317 petoritum
887 4258 953 4303 non
980 4237 1162 4305 admodum
1188 4260 1262 4320 pro·

260 4338 311 4403 cul
338 4347 417 4402 ante
442 4357 495 4403 me
523 4337 682 4416 substitit,
711 4346 744 4403 et
772 4336 814 4403 ad
839 4337 1009 4404 tramitem
1026 4359 1201 4405 reversum
1225 4360 1261 4407 se

263 4437 418 4517 propulit.

345 4537 452 4604 Caute
471 4544 687 4618 prospectans
701 4536 768 4603 vidi
783 4545 818 4603 et
834 4537 998 4618 pilentum
1025 4537 1176 4607 Armand
1203 4537 1262 4607 ibi·
