3128 5016
303 686 366 754 104
564 700 773 756 srvsrmrusr
795 702 902 756 nucis
923 697 1043 757 souis

302 876 395 951 xent,
410 870 466 938 fac
481 892 536 938 me
562 870 751 952 certiorem,
768 877 803 940 et
818 893 882 953 ego
907 871 1023 940 statim
1049 871 1201 940 lictorem
1227 871 1305 940 sub

303 970 449 1040 mittam.

386 1087 533 1170 “Teneo,
548 1088 595 1157 mi
611 1089 700 1157 Here
711 1088 739 1156 !’'

387 1188 561 1271 “Insuper,
580 1189 719 1258 Parks.”

387 1289 528 1370 “Audio,
544 1290 665 1359 Here.”

388 1406 589 1475 “Neminem
606 1407 742 1475 omnino
758 1408 791 1475 in
808 1407 946 1475 domum
961 1406 1138 1475 admiseris
1152 1443 1194 1451 -
1208 1408 1305 1490 quid-

303 1507 385 1590 quid
401 1508 539 1576 demum
554 1508 637 1576 velit
652 1544 693 1551 —-
709 1508 771 1575 nisi
788 1508 832 1576 ab
846 1508 938 1576 heris
952 1508 1076 1589 Grady‚
1102 1508 1303 1589 Simmonds,

302 1616 364 1677 out
378 1608 587 1689 Goldberger
602 1608 783 1676 comitatus
797 1608 923 1676 veniat.
940 1608 1119 1676 Neminem
1136 1609 1196 1676 tibi
1210 1609 1304 1691 igno

302 1716 377 1777 tum
392 1708 622 1776 intromiseris.
644 1708 760 1791 Siquid
776 1708 900 1776 insoliti
915 1709 1078 1789 evenerit,
1099 1731 1154 1777 me
1164 1708 1305 1777 edocue-

304 1808 358 1877 ris.
381 1808 529 1878 Cautum
546 1816 580 1876 te
596 1809 659 1877 hac
675 1808 708 1875 in
725 1830 761 1877 re
777 1830 850 1877 esse
865 1807 999 1877 velim.'’

386 1925 529 2005 “Callco,
545 1925 635 1994 Here
651 1925 728 1993 mi.'’

386 2025 472 2108 “Qui
489 2026 581 2093 valet
598 2025 772 2107 Rogers?”
789 2047 917 2107 quaero.

385 2141 515 2211 “Multo
531 2142 660 2211 melius.
684 2142 827 2210 Volebat
843 2141 980 2224 quidem
996 2163 1147 2224 surgere,
1163 2141 1221 2211 sed
1237 2164 1303 2224 ego

301 2242 508 2312 monendum
524 2263 603 2310 eum
620 2243 739 2324 putavi
755 2242 861 2310 satius
876 2241 937 2310 sibi
954 2264 1027 2310 esse
1042 2242 1076 2310 in
1092 2243 1178 2310 lecto
1194 2264 1304 2324 perse

300 2364 430 2423 verare,
447 2364 557 2425 neque
573 2365 627 2410 res
641 2342 877 2410 administrare
894 2343 990 2411 velle.
1013 2342 1101 2411 Eum
1117 2343 1226 2411 locum
1239 2343 1301 2411 sibi

299 2443 465 2526 potiorem
479 2466 552 2512 esse
568 2442 793 2511 existimavi.”

383 2547 506 2630 “Recte
522 2561 684 2640 factum,”
701 2561 866 2628 assentior
880 2560 920 2628 ei.
944 2558 1034 2628 “lllic
1049 2582 1129 2629 eum
1144 2559 1228 2629 dum
1244 2583 1302 2644 po·

299 2669 352 2730 tes
366 2662 562 2730 continebis.
581 2660 615 2729 Si
631 2661 704 2728 fieri
726 2661 850 2743 poterit
872 2660 1074 2728 succedente
1099 2661 1153 2729 die
1179 2667 1215 2729 et
1236 2682 1301 2743 ego

299 2761 453 2840 veniam,
486 2761 549 2828 sub
575 2783 754 2842 vesperum
782 2769 896 2829 tamen
923 2781 987 2841 ego
1013 2768 1049 2828 et
1073 2760 1224 2843 Godfrey
1239 2783 1301 2844 pro

298 2869 392 2931 certo
408 2860 588 2930 aderimus.
613 2861 752 2929 Interim
770 2861 881 2944 siquid
897 2882 952 2928 me
969 2859 1062 2941 velis,
1079 2860 1132 2930 hic
1148 2861 1184 2929 in
1199 2861 1301 2930 offici·

297 2964 374 3034 cina
389 2987 444 3032 me
459 2964 647 3033 evocabis.''

381 3081 578 3151 “Statutum
595 3081 690 3161 bene,
717 3081 763 3148 mi
790 3081 911 3162 Here,”
938 3081 1111 3165 respondit
1136 3101 1301 3163 suspenso

296 3183 547 3251 auscultatorio.

381 3300 500 3368 Relata
525 3299 568 3368 de
593 3298 774 3367 eventibus
800 3321 819 3367 a
846 3298 996 3381 Godfrey
1019 3300 1112 3367 facta
1127 3299 1160 3367 in
1177 3297 1300 3367 diumo

296 3422 388 3468 nunc
403 3400 540 3468 demum
558 3400 690 3468 lentuns
706 3399 865 3478 lectitavi,
880 3399 1052 3481 probeque
1074 3398 1299 3468 animadverti

295 3499 522 3569 clandestinus
537 3500 570 3568 in
588 3500 765 3569 Delectum
781 3499 894 3581 Grady
910 3500 1108 3569 allusiones:

523 3701 593 3752 llum
613 3701 745 3752 Vnnrmn
763 3702 947 3753 Smurnrurx
965 3701 1072 3752 lovum

588 3803 689 3868 (Grudy
703 3803 774 3854 velis
785 3801 1013 3861 animadvertere)

377 3987 448 4056 Nec
464 3987 605 4057 obscure
621 3988 876 4072 significabatur
901 3987 1091 4072 oportuisse
1118 3987 1233 4072 Grady
1256 3988 1297 4059 si·
