3128 5016
582 789 719 843 nocens
741 767 1007 843 ranemunun‘
1240 773 1281 843 75

279 954 491 1026 obsidebunt.
514 956 644 1039 Itaque,
661 956 801 1039 Rogers
825 956 868 1025 ad
893 956 1019 1026 ostium
1044 978 1101 1025 eos
1127 955 1281 1038 excipies,

279 1077 451 1126 accessum
475 1057 608 1126 cunctis
633 1057 788 1140 negabis
821 1057 911 1126 dices
935 1079 992 1126 eos
1017 1056 1072 1125 hic
1095 1056 1177 1126 nihil
1201 1056 1282 1125 novi

279 1156 464 1240 comperire
479 1178 587 1240 posse,
603 1164 828 1240 oportereque
851 1179 909 1225 eos
933 1179 1024 1225 nova
1048 1177 1069 1225 a
1094 1157 1232 1225 decuria
1247 1157 1283 1225 li·

280 1256 386 1326 ctoria
400 1257 463 1326 sibi
477 1278 684 1340 comparare.
699 1257 789 1326 Doce
805 1278 863 1326 eos
877 1257 1054 1326 Delectum
1081 1256 1194 1338 Grady
1221 1255 1283 1325 has

281 1378 335 1425 res
349 1356 606 1439 administrare,
632 1379 696 1426 nec
718 1357 861 1426 dubium
887 1378 960 1425 esse
982 1357 1064 1438 quin
1079 1357 1133 1425 ille
1148 1378 1227 1425 cum
1242 1357 1283 1425 iis

281 1456 423 1526 libenter
438 1463 580 1526 acturus
594 1457 648 1526 sit.
671 1457 842 1526 Probasne
857 1456 939 1538 haec,
956 1457 1075 1525 Lester
1084 1456 1120 1524 ?'’

363 1555 505 1639 “Probo,
520 1557 567 1625 mi
583 1557 751 1639 Ulysses,''
768 1557 948 1626 subridens
963 1556 1129 1638 respondi.

364 1673 487 1744 “Nunc
502 1675 651 1756 autem,”
665 1674 778 1757 pergit
789 1673 940 1756 Godrrey
951 1673 1144 1742 accuratius
1155 1673 1284 1756 Rogers

281 1773 474 1855 observans,
497 1773 626 1843 “habeo
642 1773 696 1843 hic
712 1774 858 1856 effigiem
884 1795 988 1857 quam
1004 1780 1039 1842 te
1054 1773 1204 1856 aspicere
1227 1796 1284 1842 ve-

282 1874 347 1943 lim.
370 1874 575 1957 Unquamne
591 1875 677 1943 hanc
693 1896 872 1957 personam
897 1881 999 1942 antea
1024 1873 1139 1942 vidisti
1149 1873 1185 1941 ?”
1212 1873 1283 1955 qui-

282 1973 345 2044 bus
359 1974 473 2044 verbis
486 1974 633 2057 effigiem
648 1975 846 2057 impressam
863 1974 992 2056 Rogers
1008 1973 1123 2042 tradit.

363 2091 426 2160 Hic
441 2091 590 2174 primum
604 2113 728 2174 anceps
742 2090 931 2172 dubitabat,
948 2090 1093 2171 denique
1104 2096 1220 2158 tamen
1232 2091 1282 2159 ei-

282 2189 394 2273 figiem
419 2190 566 2260 tremula
590 2191 719 2273 accepit
743 2212 858 2259 manu.
896 2191 1025 2259 Iterum
1040 2189 1187 2258 formido
1202 2212 1282 2259 eum

282 2291 476 2461 occrlrpavit;
499 2297 574 2360 tum
596 2291 743 2373 effigiem
759 2291 802 2359 ad
818 2291 927 2359 lucem
943 2290 1109 2372 sublevat,
1133 2289 1282 2359 advertit

283 2413 344 2461 ocu
357 2413 418 2461 os.
435 2444 468 2460 ..

364 2508 562 2578 “Prehende
578 2530 668 2591 eum,
685 2509 804 2577 Lester
815 2508 843 2576 !”
859 2508 1020 2577 inclamat
1044 2530 1098 2576 me
1123 2508 1278 2591 Godfrey

282 2629 505 2691 prorsumque
520 2608 563 2677 ad
580 2608 710 2691 Rogers
725 2609 803 2677 ruit.

364 2726 495 2808 Rogers
510 2727 601 2794 enim
617 2727 758 2795 efferate
774 2727 898 2795 iterum
914 2746 1015 2794 suum
1031 2726 1208 2807 prehendit
1220 2728 1284 2795 col-

282 2825 360 2908 lare,
377 2825 514 2894 dimidio
530 2847 566 2893 se
581 2826 824 2908 circumvertit,
840 2826 1006 2907 gravique
1022 2825 1134 2894 sonitu
1146 2827 1283 2895 corruit.

288 2925 434 2994 Brachia
460 2924 612 3007 Godirey
627 2947 744 2994 casum
770 2926 974 3006 leniverunt,
1000 2933 1036 2994 at
1056 2947 1120 3007 ego
1143 2926 1285 2995 nimium

283 3025 499 3108 stupefactus
514 3025 614 3107 rigui.

366 3140 462 3211 “Cito
477 3142 600 3210 afferto
615 3164 739 3224 aquam
751 3142 778 3210 !”
795 3143 863 3211 acri
879 3164 962 3211 voce
978 3142 1117 3211 mandat
1133 3143 1284 3226 Godfrey

283 3242 390 3311 Parks
419 3241 519 3311 modo
548 3264 684 3311 sursum
714 3244 873 3312 currenti.
905 3242 1055 3325 “Rogers
1083 3245 1283 3326 necopinato

284 3364 381 3426 aeger
396 3343 510 3411 factus
524 3343 607 3411 est.'’

366 3460 456 3529 Tum
478 3467 604 3542 autem,
628 3461 758 3530 interea
781 3462 862 3529 dum
885 3460 993 3529 Parks
1014 3460 1048 3527 in
1070 3461 1201 3530 ambitu
1233 3485 1283 3530 re·

283 3568 336 3630 tro
351 3559 468 3641 currit,
484 3560 583 3629 video
599 3561 751 3643 Godfrey
766 3561 969 3643 distringere
993 3561 1113 3629 collare
1139 3561 1284 3630 hominis

283 3659 508 3741 intermortui,
531 3667 753 3743 temporaque
776 3662 847 3731 eius
869 3661 1042 3742 utrimque
1074 3661 1197 3730 acriter
1228 3661 1284 3730 de·

283 3761 416 3829 fricare.

367 3859 530 3942 “Sperare
562 3861 659 3931 iuvat
689 3862 780 3931 hunc
812 3885 880 3931 non
914 3862 1089 3946 apoplexia
1121 3864 1282 3944 tactum,”

283 3967 414 4030 mussat
442 3982 568 4042 secum,
594 3961 734 4031 “revera
760 3985 828 4031 nou
855 3963 1032 4044 oportebat
1056 3984 1212 4031 meeum
1235 3963 1284 4033 ita

284 4059 543 4145 perstringere?
