3128 5016
502 784 697 839 cnocnxxn
718 785 903 841 senoovu
924 786 1064 841 seman
1213 772 1276 842 ³11

363 951 537 1035 “ltaque”
553 952 666 1036 pergit
678 953 840 1036 Godfrey‚
852 953 1055 1038 “postquam
1068 955 1281 1025 imitamenta

281 1074 488 1136 acceperam,
503 1054 661 1136 gossypio
673 1074 713 1122 ea
728 1053 867 1137 involvi,
882 1061 917 1124 et
931 1054 966 1124 in
981 1055 1094 1126 locum
1109 1055 1232 1126 horum
1247 1055 1283 1125 in

278 1153 430 1222 forulum
446 1153 618 1236 supposui,
642 1176 711 1223 non
740 1175 863 1237 parum
888 1162 1011 1225 cautus
1025 1163 1067 1225 ut
1081 1156 1230 1226 Mazan'n
1245 1155 1280 1225 in

181 1326 185 1332 ,
279 1253 438 1335 fundum,
454 1253 513 1322 ubi
528 1276 609 1323 eum
624 1276 828 1337 repereram,
843 1256 1036 1338 ponerem.”

363 1368 613 1440 “Fortunatum
638 1370 821 1442 admodum
847 1372 939 1455 quod
954 1371 996 1442 de
1022 1395 1124 1443 care
1150 1374 1277 1457 cogita-

278 1469 353 1551 sti,”
369 1470 437 1538 dixi
452 1470 507 1552 illi,
524 1469 694 1554 “alioquin
706 1471 876 1542 Crochard
887 1472 1015 1555 aliquid
1026 1473 1218 1557 suspicatus
1228 1496 1278 1545 es·

280 1576 332 1639 set
344 1570 362 1598 ’5

334 1623 341 1638 ι
362 1670 515 1753 Godfrey
530 1671 708 1741 subridens
723 1672 757 1740 in
772 1693 827 1740 me
843 1672 1000 1755 respexit.

364 1769 432 1839 “Mi
448 1771 597 1853 Lester,'’
614 1771 794 1854 respondet
809 1771 901 1853 mihi,
928 1771 1103 1843 “simulac
1129 1773 1280 1857 primum

280 1871 455 1940 evolverat
470 1873 701 1954 convolutum,
724 1872 904 1942 confestim
930 1872 1095 1943 intellexit
1110 1895 1146 1943 se
1161 1896 1281 1944 emun-

283 1978 378 2040 ctum
394 1993 476 2040 esse.
493 1972 588 2041 Num
601 1994 680 2041 eum
696 1972 768 2040 falli
784 1994 881 2054 posse
897 1972 1094 2043 arbitraris?
1108 1973 1221 2056 Nulla,
1237 1995 1281 2044 ne

281 2071 410 2153 optima
425 2072 561 2154 quidem
576 2094 715 2155 gemma
730 2072 864 2153 fucilis‚1
879 2095 960 2142 eum
976 2072 1104 2142 fallet.”

365 2189 409 2257 Et
435 2211 525 2258 nunc
551 2211 669 2271 reapse
685 2189 824 2258 memini
839 2189 1129 2272 quemadmodum
1143 2190 1210 2260 leni
1225 2212 1282 2261 ru·

282 2287 362 2357 bore
399 2289 554 2358 suffusus
588 2289 695 2358 fuerit
734 2289 884 2371 primum
918 2290 1142 2360 convolutum
1171 2311 1281 2373 quum

283 2388 473 2457 evolvisset.

367 2487 464 2556 “Non
495 2487 529 2557 in
557 2488 669 2557 animo
685 2488 766 2557 mihi
793 2489 862 2557 fuit
883 2511 963 2558 eum
979 2489 1164 2573 decipere,”
1179 2489 1279 2560 docet

283 2588 445 2670 Godfrey.
483 2587 639 2671 “Aliquid
664 2589 835 2671 improvisi
852 2589 1007 2658 volebam
1025 2590 1055 2658 ei
1072 2611 1202 2673 parare.
1238 2590 1284 2661 Et

283 2710 444 2858 egllrffp’
462 2690 579 2770 scelus,
596 2690 638 2757 ad
651 2689 714 2758 hoc
729 2688 915 2758 videndum
930 2688 1027 2758 testis
1037 2689 1199 2759 interesse
1214 2712 1283 2760 non

283 2811 327 2872 9⁰
368 2905 453 2975 “Sed
470 2908 497 2975 si
513 2907 609 2975 novit
624 2928 778 2989 gemmas
792 2928 865 2976 esse
881 2906 1120 2988 adulterinas,”
1135 2905 1278 2977 obverto

283 3029 359 3090 ego,
381 3006 483 3089 “quid
499 3007 629 3089 profuit
645 3007 691 3075 illi
706 3014 803 3076 tanto
825 3015 949 3076 conatu
974 3028 1032 3076 eas
1050 3006 1282 3078 subducere?”

368 3123 461 3192 “Hoc
478 3124 588 3206 ipsum
612 3123 772 3193 hesterna
796 3145 937 3207 vespera
952 3131 987 3193 et
1004 3123 1087 3193 mihi
1109 3145 1215 3206 grave
1237 3123 1288 3193 vi·

286 3224 432 3293 debatur
447 3224 625 3305 aenigrna‚”
641 3225 748 3294 refert
764 3223 925 3306 Godfrey,
937 3223 1040 3305 “quin
1055 3244 1198 3292 nenunc
1213 3222 1287 3306 qui·

285 3325 362 3393 dem
379 3324 476 3407 plane
492 3323 618 3406 capio.”

369 3441 546 3510 “Fortasse
563 3441 633 3524 ipse
649 3451 762 3510 tamen
773 3462 872 3509 veras
886 3448 921 3509 et
932 3439 1142 3522 genuinasin
1153 3460 1217 3510 sua
1227 3438 1286 3509 ha·

285 3543 344 3612 bet
359 3543 558 3625 potestate,”
589 3542 742 3624 suggerit
758 3541 881 3623 Grady,
897 3539 955 3622 qui
975 3547 1100 3609 cuncta
1114 3539 1187 3608 haec
1203 3539 1286 3609 rela-

285 3652 321 3712 ta
345 3643 518 3712 incredula
542 3641 789 3725 quodammodo
812 3662 895 3709 aure
923 3646 1112 3723 exceperat.
1138 3638 1288 3709 “Fabula

285 3744 366 3813 mihi
377 3766 540 3826 perquam
560 3744 679 3811 fucosa
690 3747 797 3810 sonat.
810 3740 899 3820 Quid
915 3739 942 3809 si
953 3739 1028 3808 istae
1039 3739 1107 3809 sint
1118 3739 1184 3811 illae
1192 3760 1288 3823 gem·

286 3867 353 3914 rnae
368 3844 567 3913 adulterinae
583 3842 618 3911 ?’'

388 4081 410 4130 1.
435 4078 544 4137 Focale,
557 4077 717 4135 adulterina.
735 4076 815 4129 falsa.
