3128 5016
277 715 321 783 40
538 728 748 782 ursrmnm
770 728 878 781 mem
899 722 1018 782 nomn

278 905 345 967 tus
367 895 470 979 Quasi
485 916 505 964 e
518 895 667 964 nubrlrus
681 895 841 978 delapsus
864 918 940 966 esee
960 895 1110 964 videtur.
1146 895 1286 967 Remul-

278 998 432 1068 cavimus
447 995 589 1064 officinae
603 1003 730 1064 nostrae
744 996 933 1076 Parisiacae,
949 1005 989 1065 ut
1004 996 1051 1064 illi
1066 995 1282 1079 indagarent

279 1098 342 1167 hac
357 1118 500 1179 vespera
515 1117 715 1178 responsum
726 1103 972 1178 exspectamus
984 1095 1049 1165 Sed
1060 1096 1165 1165 etiam
1176 1097 1285 1180 siquis

278 1197 487 1279 Theophilus
501 1196 670 1264 d'Aurelle
685 1196 808 1264 fuisset
823 1217 1058 1278 repeteremus
1078 1196 1162 1265 nihil
1185 1197 1285 1267 nobis

279 1297 486 1380 prodesset?

363 1397 535 1465 “Eccum'’
551 1417 668 1477 quaero
682 1395 726 1464 ab
741 1417 792 1464 eo.

364 1497 606 1565 “Manifestum
622 1496 787 1578 siquidem
813 1504 866 1565 est
890 1497 924 1566 id
947 1518 1016 1565 non
1039 1519 1142 1566 suum
1157 1519 1284 1567 nomen

282 1598 420 1667 luisse.”

365 1714 506 1795 “Perge
521 1713 567 1782 mi
583 1713 744 1794 Godfrey‚
759 1735 861 1782 narra
876 1737 918 1783 ex
934 1714 1083 1795 ordine,”
1105 1716 1173 1784 dixi
1195 1717 1227 1785 ei
1250 1717 1284 1786 in

231 1810 234 1815 ⁴
282 1839 338 1885 me
354 1814 540 1894 renidenti;
563 1813 666 1882 “mihi
683 1814 773 1883 enim
789 1835 856 1882 non
872 1823 925 1883 est
939 1816 1102 1883 clarum.’'

366 1931 493 2014 “Atqui
509 1931 592 1999 satis
605 1931 723 2013 liquet.
760 1931 919 2015 Quinque
935 1933 1086 2014 pagellas
1099 1933 1135 2001 in
1150 1936 1286 2004 sacculo

284 2033 441 2113 habebat,
457 2032 568 2100 nullas
583 2053 690 2114 pares.
713 2030 860 2113 Sextam,
875 2033 968 2101 nullo
989 2032 1136 2102 fortasse
1152 2033 1288 2105 delectu

282 2133 439 2203 submisit
454 2132 632 2200 Vantine.”

367 2251 467 2330 Tum,
484 2249 614 2332 utique,
630 2249 795 2332 perspexi,
810 2271 874 2318 nec
889 2249 988 2318 aliter
1003 2251 1093 2319 sensi
1107 2272 1214 2333 quam
1229 2252 1288 2322 du

283 2359 360 2421 ctus
376 2350 547 2432 Hispanus
561 2349 699 2418 videtur
710 2349 851 2417 sensisse
863 2370 970 2432 quum
983 2348 1170 2420 Columbus
1180 2373 1287 2422 ovum

283 2453 319 2520 in
333 2451 482 2520 fundum
498 2450 683 2519 statuisset.
707 2449 779 2518 Hoc
794 2451 950 2532 exemplo
966 2472 1042 2519 meo
1058 2450 1211 2534 Godfrey
1226 2453 1288 2524 ite·

285 2574 362 2622 rum
378 2551 487 2620 ridere
502 2550 616 2632 coepit.

368 2668 499 2736 “Verus
525 2667 579 2735 ille
605 2666 786 2747 d’Aurelle,
813 2667 1026 2749 quiscunque
1052 2667 1081 2736 is
1096 2670 1288 2752 reperietur

285 2769 423 2849 fuisse,”
438 2767 613 2849 subiungit
629 2768 710 2849 ipse,
726 2767 872 2849 “poterit
887 2789 949 2835 nos
962 2768 1092 2836 iuvare.
1104 2768 1162 2838 Sin
1178 2771 1287 2852 aliter,

285 2869 422 2940 decuria
437 2869 567 2937 lictoria
582 2868 749 2936 Parisiaca
773 2868 869 2936 nobis
892 2877 1079 2937 succurret
1111 2869 1287 2942 Mensurae

286 2969 536 3040 Bertillonianae
552 2968 698 3036 hominis
713 2969 840 3037 mortui
856 2969 1006 3037 remulco
1021 2969 1052 3037 ei
1068 2970 1180 3039 missae
1195 2980 1287 3041 sunt

286 3073 332 3140 At
347 3093 390 3139 ne
406 3070 469 3138 hoc
485 3069 622 3152 quidem
638 3069 779 3150 iuvabit,
794 3069 822 3137 si
838 3091 1016 3152 nunquam
1030 3077 1153 3151 captus
1170 3071 1287 3141 fuerit.

286 3171 351 3241 Sed
367 3170 504 3239 consilia
519 3170 650 3239 eiusne
666 3177 741 3237 tum
758 3168 896 3252 quidem
921 3191 1091 3251 eruemus,
1107 3170 1215 3240 donec
1230 3173 1289 3240 ali·

286 3271 368 3354 quid
385 3270 427 3339 de
442 3292 482 3338 eo
497 3272 585 3339 clare
601 3271 823 3338 constiterit.”

369 3389 446 3469 “At,
467 3389 513 3456 mi
538 3387 725 3469 Godirey,”
752 3409 836 3469 rogo
861 3409 951 3468 eum,
978 3386 1120 3456 “demus
1145 3395 1179 3457 te
1203 3389 1289 3459 scire

286 3489 363 3572 quis
379 3489 406 3557 is
421 3489 537 3569 fuerit,
551 3488 634 3570 quid
650 3488 777 3570 negotii
793 3509 871 3556 cnm
884 3487 1031 3556 Vantine
1046 3487 1077 3556 ei
1093 3487 1290 3559 intercesse-

287 3591 385 3659 rit-
403 3589 524 3658 demus
550 3589 696 3671 denique
724 3597 757 3656 te
784 3596 876 3656 recte
903 3587 1056 3656 divinare
1082 3588 1161 3669 quis
1175 3596 1211 3657 et
1226 3611 1289 3658 cur

286 3690 444 3759 occiderit
469 3712 549 3758 eum
580 3725 613 3733 -
644 3690 706 3769 dic,
731 3689 839 3769 sodes,
868 3689 1007 3770 quinam
1023 3687 1056 3756 id
1072 3688 1205 3757 factum
1233 3690 1288 3759 sit

288 3792 359 3861 Hoc
375 3799 427 3860 est
443 3790 534 3873 quod
551 3812 605 3859 me
621 3790 718 3858 ludit.
741 3790 887 3872 Quinam
902 3788 935 3857 id
952 3789 1084 3857 factum
1099 3789 1193 3859 est?'’

370 3908 421 3977 “A
432 3907 460 3976 !''
477 3909 584 3977 refert
599 3907 760 3989 Godfrey.
778 3906 861 3975 “Hic
877 3914 928 3974 est
944 3927 1073 3975 nervus
1088 3904 1154 3974 rei!
1176 3906 1241 3990 Qui
1253 3907 1288 3976 id

282 4011 415 4081 factum
430 4009 491 4078 sit?
515 4009 585 4077 lam
613 4016 646 4077 te
671 4007 784 4077 monui
813 4007 937 4076 bellum
959 4007 1049 4076 hunc
1065 4028 1139 4076 esse
1153 4028 1283 4091 casum,
