3128 5016
435 783 456 848 2
708 795 914 848 nvsrsmuu
936 795 1043 847 Anca
1066 789 1182 848 bouus

520 963 660 1045 “ltaque
676 963 785 1045 prima
800 984 878 1031 cum
894 961 1041 1030 dimidi0¹
1059 971 1093 1030 te
1108 961 1198 1031 domi
1214 964 1400 1045 opperiar.”

519 1063 571 1133 Sic
587 1086 669 1146 ergo
685 1063 800 1132 evenit
816 1069 856 1131 ut
871 1069 948 1145 post
963 1063 1065 1131 unius
1080 1063 1173 1132 horae
1188 1063 1335 1146 spatium
1362 1087 1436 1132 ver

435 1187 493 1233 sus
516 1164 710 1248 Compitum
727 1163 961 1245 Washington,
977 1164 1089 1245 paullo
1105 1185 1209 1246 supra
1223 1187 1302 1233 eum
1326 1166 1435 1234 locum

434 1265 571 1346 Plateae,
586 1264 644 1334 ubi
660 1273 807 1333 vetustae
819 1264 909 1332 aedes
920 1263 1135 1332 Vantinianae
1147 1265 1293 1345 stabant,
1307 1288 1437 1347 peram-

433 1367 596 1436 bularem.
620 1365 683 1434 llae
696 1366 769 1433 fere
786 1364 853 1432 iam
869 1372 966 1432 erant
988 1365 1067 1433 solae
1089 1386 1167 1446 quae
1189 1387 1231 1433 ex
1252 1366 1436 1448 antiquiori

434 1489 548 1536 rerum
564 1466 680 1535 ordine
696 1486 805 1546 usque
831 1465 1087 1545 superfuerunt,
1110 1486 1189 1532 nam
1211 1465 1359 1547 impetus
1380 1489 1437 1535 ne·

433 1569 606 1649 gotiorum
622 1588 641 1634 e
656 1565 721 1633 viis
735 1565 905 1646 contiguis
925 1565 1032 1646 ipsam
1055 1564 1207 1632 Plateam
1223 1566 1435 1636 iamdudum

432 1667 603 1746 invadere,
619 1667 870 1747 incolatumque
886 1665 1113 1733 delicatiorem
1132 1665 1220 1734 illinc
1235 1668 1381 1749 exigere,
1397 1691 1436 1737 ac

434 1789 553 1836 versus
568 1767 757 1848 superiores
771 1765 867 1834 urbis
886 1771 1000 1846 partes
1024 1765 1224 1846 compellere
1250 1767 1361 1849 coepit.
1397 1769 1435 1837 ln

432 1869 543 1937 locum
559 1867 770 1949 privatarum
786 1865 911 1933 aedium
927 1865 1048 1933 bibulis
1059 1865 1225 1947 lapidibus
1240 1867 1346 1936 fuscis
1360 1891 1437 1938 con·

432 1975 627 2045 stratarum,
644 1965 710 2034 iam
725 1966 814 2034 celsa
829 1964 1083 2033 sufficiebantur
1098 1965 1239 2035 aedificia
1249 1966 1366 2037 officiis
1380 1991 1437 2038 ne·

432 2067 600 2151 gotiisque
616 2074 713 2148 apta;
736 2087 798 2134 nec
825 2065 888 2133 nisi
915 2065 968 2132 hic
994 2072 1029 2132 et
1054 2064 1119 2133 illic
1141 2066 1265 2147 passim
1281 2089 1368 2137 rarae
1383 2091 1437 2138 su-

432 2167 657 2251 perstitabant
687 2166 836 2246 familiae‚
862 2187 924 2234 ceu
952 2165 1169 2234 obfirmatum
1202 2189 1241 2235 ac
1278 2169 1436 2250 pervicax

431 2290 555 2351 agmen
583 2267 814 2346 novissimum,
831 2266 1074 2334 adventantem
1101 2265 1232 2334 hostem
1261 2269 1437 2338 minaciter

431 2378 665 2450 excepturum.

516 2486 690 2568 Philippus
705 2484 851 2553 Vantine
867 2506 957 2552 unus
972 2483 1093 2552 horum
1109 2485 1186 2553 fuit.
1221 2485 1333 2554 Natus
1347 2487 1380 2554 in
1396 2508 1437 2556 ea

431 2587 532 2654 domo
547 2595 600 2654 est
616 2607 720 2667 quam
737 2585 836 2652 modo
859 2584 1034 2663 incolebat,
1057 2585 1091 2652 in
1114 2607 1181 2666 qua
1197 2607 1232 2653 se
1248 2593 1283 2654 et
1298 2587 1436 2655 moritu-

431 2708 508 2755 rum
524 2686 645 2754 aiebat.
679 2686 750 2753 Nec
765 2685 924 2766 cuiquam
949 2685 1011 2752 hac
1037 2684 1071 2753 in
1098 2707 1134 2754 re
1149 2693 1188 2753 ut
1204 2686 1352 2767 placeret
1367 2695 1437 2754 stu-

431 2787 581 2856 dendum
597 2787 627 2854 ei
644 2794 728 2864 erat,
743 2786 806 2853 nisi
821 2785 893 2865 sibi,
910 2785 999 2867 quod
1022 2785 1147 2854 coelebs
1173 2787 1264 2854 solus
1287 2787 1436 2867 vivebat,

430 2895 533 2970 atque
564 2894 804 2967 augescentem
838 2885 1017 2967 strepitum
1049 2887 1273 2968 pulveresque
1304 2887 1437 2956 viciniae

430 2986 602 3056 diuturnis
612 2986 939 3068 peregrinationibus
948 2985 1075 3054 solebat
1084 3008 1311 3068 compensare.
1324 2987 1435 3055 Etiam

430 3089 531 3157 modo
546 3088 678 3170 peregri
694 3087 832 3155 domum
848 3087 952 3154 venit.

515 3187 615 3256 Haud
630 3187 690 3256 abs
702 3210 738 3255 re
749 3187 814 3255 erit
830 3187 882 3255 hic
893 3209 961 3256 uno
973 3187 1086 3255 labore
1102 3187 1223 3255 indolis
1233 3187 1307 3256 eius
1317 3188 1437 3257 adum·

431 3289 618 3358 brationem
635 3287 819 3355 absolvere.
842 3287 989 3355 Vantine
1003 3294 1106 3356 aetate
1120 3286 1253 3356 circiter
1265 3287 1434 3371 quinqua·

429 3388 591 3472 genarius
606 3397 690 3467 erat,
708 3409 744 3455 re
759 3387 916 3455 familiari
931 3387 1117 3467 commoda,
1132 3387 1258 3456 artium
1274 3387 1437 3470 quodam·

430 3488 529 3558 modo
544 3489 676 3567 callens,
692 3488 750 3569 qui
766 3488 943 3569 antiquam
959 3487 1199 3570 supellectilem
1215 3487 1435 3558 domesticam

429 3588 628 3671 conquirere
644 3597 679 3656 et
694 3609 847 3656 coemere
867 3587 1005 3668 solebat,
1024 3587 1199 3670 aliquanto
1214 3587 1380 3657 erraticus
1396 3625 1435 3633 -

429 3710 638 3772 quamquam
663 3696 739 3770 post
761 3688 969 3769 descriptum
992 3687 1196 3756 vocabulum
1221 3687 1434 3771 distinguen-

428 3789 511 3859 dum
533 3811 663 3868 censeo,
690 3798 725 3857 et
753 3810 821 3857 uno
847 3796 983 3857 tantum
1007 3809 1107 3857 sensu
1134 3809 1213 3857 eum
1244 3789 1290 3858 sic
1321 3790 1435 3859 vocari

429 3911 535 3973 posse,
554 3911 686 3971 nempe,
702 3889 792 3971 quod
805 3890 928 3971 spretis
939 3889 1056 3957 multis
1067 3887 1295 3968 irritamentis
1310 3889 1436 3959 coelebs

531 4093 552 4142 1.
572 4089 675 4142 Primo
688 4105 755 4140 cum
770 4087 904 4149 dimidio,
922 4089 1035 4141 subaudi
1051 4086 1133 4139 horo.
