3128 5016
745 1789 896 1859 CAPUT
917 1790 963 1859 xl

705 1976 805 2044 Oculi
820 1976 1003 2046 Ardentes.

440 2160 517 2230 Pno
540 2160 726 2228 Monimo
748 2158 910 2240 temporis
924 2159 1132 2242 gravitatem
1148 2161 1278 2230 rescissi
1293 2169 1360 2231 tor·

356 2261 424 2330 tilis
437 2268 544 2329 totam
561 2260 652 2328 haud
667 2259 825 2327 intellexi.
848 2259 895 2327 nt
917 2295 957 2304 —
979 2282 1058 2329 mox
1073 2262 1238 2344 perspexi.

442 2360 522 2429 “Illa
546 2382 621 2428 mea
645 2359 805 2438 somnia‚'’
827 2359 965 2428 minime
988 2370 1103 2429 motus
1126 2362 1277 2445 Godfrey
1300 2363 1358 2444 ait,

356 2460 502 2530 “iterum
513 2461 738 2529 revivescunt.
750 2459 880 2541 Aliquis
896 2461 1022 2529 etenim
1039 2461 1130 2530 viam
1146 2462 1208 2531 sibi
1222 2462 1256 2531 in
1271 2462 1358 2533 hanc
1442 2483 1448 2494 ·

357 2562 496 2631 domum
512 2561 576 2630 ista
591 2581 733 2642 vespera
747 2559 974 2629 invadendam
998 2562 1140 2644 parabat
1162 2598 1204 2607 -
1227 2562 1358 2646 aliquis,

355 2662 486 2745 utique,
501 2661 556 2729 cui
570 2682 649 2730 arca
664 2660 719 2727 illa
735 2681 777 2727 ex
793 2681 829 2727 re
845 2661 927 2728 est.”

442 2761 561 2830 “Certe
585 2761 638 2829 ille
668 2760 801 2828 nullum
832 2768 969 2843 tempus
997 2762 1124 2844 trivit‚”
1154 2764 1361 2850 interpretor

355 2883 429 2945 ego.

441 2960 593 3030 “Sciebat
608 2982 729 3042 nempe
745 2960 876 3028 nullum
901 2961 932 3028 ei
955 2972 1145 3045 suppetere.
1183 2967 1298 3046 Quum
1319 2976 1360 3038 tu

357 3063 451 3131 foros
465 3084 522 3130 eos
538 3061 732 3144 pendendus
748 3062 884 3141 curasti,
899 3062 952 3130 ille
967 3063 1132 3134 intellexit
1147 3075 1182 3135 te
1197 3089 1277 3137 eum
1289 3089 1358 3139 mo·

357 3163 481 3241 unisse,
498 3161 734 3244 propositaque
752 3161 969 3243 perspexisse.
1000 3164 1077 3232 Non
1095 3165 1265 3247 ignoravit
1287 3168 1358 3251 ipse

263 3268 269 3279 ’
358 3262 613 3340 suscitabulum,
629 3261 788 3328 setortile
805 3262 958 3343 scissura,
982 3263 1197 3348 tinniturum,
1221 3268 1284 3336 nisi
1310 3290 1360 3337 es-

358 3372 409 3432 set
424 3363 634 3440 seiunctum;
650 3362 708 3429 sed
725 3361 794 3443 ipse
811 3383 907 3443 aeque
922 3364 1018 3431 novit
1041 3366 1162 3446 pacisci
1185 3389 1282 3450 posse
1306 3369 1360 3438 fu·

359 3471 476 3532 turum
492 3471 530 3531 ut
546 3461 628 3530 nulli
644 3461 678 3528 in
694 3461 795 3529 domo
810 3462 1010 3543 innotescat,
1026 3465 1052 3533 si
1068 3465 1139 3547 ipse
1170 3469 1283 3537 tortile
1304 3490 1360 3538 ru·

358 3564 456 3647 perit,
471 3584 534 3631 nec
549 3571 628 3631 ante
643 3561 829 3630 crastinum
845 3561 933 3630 diem
956 3574 1136 3646 rupturam
1162 3577 1360 3640 reparatum

356 3664 428 3732 ml)

442 3763 640 3844 “Numquid
656 3784 736 3832 eum
752 3761 879 3830 insidiis
901 3785 1022 3846 capere
1045 3787 1113 3834 non
1137 3770 1360 3849 possumus‘l”

358 3885 475 3947 quaero
490 3885 564 3944 ego.

442 3963 609 4030 “Tentare
626 3963 762 4044 quidem
779 3983 964 4044 possemus,
981 3964 1038 4032 sed
1054 3975 1205 4048 coeptum
1221 3968 1265 4050 id,
1282 3968 1361 4039 Les·

359 4072 422 4145 ter,
437 4084 603 4146 perquam
619 4072 671 4131 est
687 4062 886 4132 lubricum.”
