3150 5468
532 1270 684 1326 suumn
701 1271 861 1328 suumn
877 1273 1088 1331 susurros
1245 1261 1308 1334 1⁶5

302 1435 442 1519 unisset,
458 1436 544 1508 Duci
558 1474 595 1487 —
615 1440 675 1524 qui
690 1448 781 1512 certe
796 1441 1033 1526 cupidissimus
1047 1464 1165 1514 earum
1180 1443 1306 1515 haben·

301 1535 422 1606 darum
437 1540 625 1610 censendus
639 1549 722 1623 erat,
737 1542 922 1613 offerendae
936 1542 1082 1614 fuissent
1092 1543 1122 1613 !”

384 1654 540 1726 Matrona
554 1659 667 1728 velata
680 1659 894 1743 aliquantum
909 1661 1088 1744 tremebat,
1109 1683 1301 1747 manusque

300 1753 377 1823 nisu
403 1756 552 1838 quodam
577 1761 724 1830 naturali
749 1760 792 1830 ad
818 1769 947 1844 pectus,
973 1769 1158 1845 expertura
1182 1770 1301 1833 utrum

301 1857 495 1941 manipulus
520 1859 721 1943 litterarum,
751 1868 791 1931 nt
821 1861 1082 1945 pretiosissimus
1107 1862 1300 1947 thesaurus,

301 1979 420 2028 revera
435 1959 469 2028 in
485 1966 562 2029 tuto
577 1968 675 2042 esset,
690 1961 823 2031 attollit.

383 2075 512 2146 “Nocte
526 2099 568 2146 ea
582 2077 616 2146 in
642 2078 785 2148 casteria
810 2079 916 2161 mea,”
942 2079 1091 2163 perrexit
1117 2079 1212 2164 lulla,
1228 2079 1299 2152 “in-

302 2176 429 2246 somnis
443 2177 623 2247 volutabar
638 2178 891 2261 meditabunda,
906 2179 1005 2263 siquo
1020 2180 1122 2250 modo
1136 2201 1217 2250 eum
1231 2180 1291 2253 fru

298 2285 406 2346 strare
432 2298 582 2360 possem;
614 2279 705 2362 quod
731 2285 766 2348 et
791 2279 859 2348 iam
884 2279 1016 2350 dudum
1031 2301 1202 2351 senseram
1216 2301 1298 2356 etun

298 2378 391 2447 haud
416 2379 564 2447 multum
591 2400 645 2448 me
670 2400 790 2449 curare
816 2415 857 2425 -
883 2387 918 2449 et
941 2381 1032 2464 quod
1047 2381 1129 2451 satis
1143 2379 1298 2465 perspexi

299 2479 476 2561 pecuniam
491 2501 565 2548 eam
592 2479 627 2548 in
652 2479 752 2549 alum
778 2480 949 2562 quondam
975 2481 1152 2551 mulierem
1173 2481 1300 2552 insum·

297 2586 395 2662 ptum
421 2579 471 2648 iri.
494 2578 605 2649 Statui
629 2579 735 2662 igitur
760 2580 870 2663 primo
895 2601 1032 2664 quoque
1057 2589 1231 2652 momento
1251 2580 1295 2651 ad

297 2677 383 2747 hanc
398 2679 537 2749 domum
552 2701 742 2763 properare,
758 2701 830 2749 rem
845 2680 1013 2763 integram
1039 2680 1121 2751 hero
1146 2680 1294 2752 Vantine

298 2780 499 2862 patefacere,
515 2788 697 2864 petereque
713 2780 756 2849 ab
771 2801 812 2849 eo
835 2790 875 2851 nt
901 2781 1031 2851 litteras
1056 2780 1139 2851 milri
1163 2803 1298 2853 concre-

295 2880 401 2961 deret,
416 2881 541 2963 quibus
555 2903 619 2964 ego
642 2881 685 2950 ad
707 2880 824 2950 heram
849 2880 1062 2963 advolarem
1094 2881 1177 2951 mihi
1202 2881 1293 2952 enim

294 2988 416 3064 gratus
430 2981 504 3050 eius
519 2981 654 3050 animus
668 2979 772 3064 probe
787 2987 890 3050 notus
904 2981 1009 3062 erat,”
1033 2981 1210 3051 subiunxit
1233 3003 1295 3066 pu·

293 3083 366 3151 ella
388 3082 544 3152 “Etenim
560 3103 730 3164 quemque
757 3081 818 3150 sibi
845 3080 1024 3163 providum
1050 3103 1132 3164 esse,
1158 3088 1294 3153 natum

294 3191 502 3267 praeceptum
517 3183 600 3252 est.”

377 3300 439 3370 Hic
455 3301 624 3384 paulisper
638 3299 792 3381 cessavit,
819 3299 853 3367 in
880 3299 1030 3368 conclavi
1054 3299 1292 3383 circumspexit

292 3402 483 3485 nostrisque
498 3400 651 3470 vultibus
665 3399 708 3469 ad
724 3421 760 3470 se
775 3399 984 3469 audiendum
1007 3399 1177 3469 conversis
1201 3399 1292 3470 miri·

293 3501 354 3572 lice
369 3501 527 3572 delectari
543 3500 733 3570 videbatur.

374 3618 474 3689 “Una
487 3618 667 3688 dumtaxat
681 3619 810 3688 virtute
826 3626 864 3688 tu
880 3624 972 3687 certe
987 3618 1099 3701 polles,
1121 3617 1290 3689 sincerita-

292 3720 345 3801 tis,
360 3719 514 3801 scilicet,”
530 3719 626 3788 fatur
641 3729 796 3789 matrona
814 3720 936 3788 velata
959 3717 1186 3801 “Prosequere
1197 3717 1226 3787 !'’

374 3853 569 3923 “Facultate
599 3853 790 3923 discedendi
819 3851 952 3935 vesperi
977 3858 1113 3922 tanturn
1138 3852 1182 3922 ab
1206 3851 1290 3923 hera

291 3955 422 4037 nacta‚”
437 3954 548 4038 pergit
564 3954 659 4036 lulla,
676 3952 763 4024 “huc
779 3952 967 4037 properavi,
991 3961 1028 4021 et
1043 3951 1110 4022 huc
1135 3953 1290 4035 perveni·

291 4079 352 4127 ens
367 4054 498 4138 pulsavi
514 4053 792 4136 tintinnabulum;
814 4054 926 4123 fateor
941 4060 1056 4121 tamen
1078 4052 1208 4123 frustra
1230 4074 1286 4123 me

289 4167 453 4237 acturam,
468 4175 530 4224 nec
544 4155 619 4224 fore
645 4154 884 4238 ingressuram,
909 4151 974 4222 nisi
996 4151 1121 4221 ostium
1144 4152 1289 4224 maritus

289 4255 485 4342 aperuisset.
497 4254 587 4339 Quin
603 4254 705 4324 etiam
722 4263 901 4338 postquam
916 4253 1068 4333 inpressa
1083 4272 1169 4334 sum,
1184 4253 1288 4324 etium

289 4361 359 4443 ipse
374 4355 456 4426 mihi
472 4356 662 4438 ingressum
677 4355 720 4425 ad
736 4376 837 4425 suum
848 4354 969 4427 herum
981 4357 1138 4441 negavit:
1154 4375 1290 4425 verum·

289 4469 404 4530 tamen
420 4478 527 4540 quum
543 4456 585 4526 de
600 4477 735 4526 accessu
759 4455 1049 4540 disceptassemus,
1072 4457 1176 4527 herus
1200 4452 1290 4525 Van·

288 4580 360 4651 fine
374 4558 445 4643 ipse
459 4556 495 4627 in
509 4556 677 4627 ambitum
692 4555 796 4639 venit,
812 4563 888 4627 turn
903 4579 968 4643 ego
982 4557 1026 4629 ad
1040 4579 1121 4628 eum
1134 4551 1287 4639 oonluqi.
