3128 5016
279 802 344 873 256
542 816 753 872 ursrmruu
773 815 881 872 mom
901 808 1021 871 nourr

281 993 390 1068 gerat,
416 1008 471 1055 me
495 987 550 1055 hic
569 993 820 1056 conventurum
844 986 995 1068 paravi‚”
1020 984 1167 1069 explicat
1181 983 1288 1053 herus

164 1174 171 1185 ι
279 1087 388 1168 Pigot.
412 1085 519 1156 “Cum
549 1108 590 1155 eo
619 1087 654 1154 in
683 1085 804 1156 urbem
832 1085 882 1155 ire
906 1084 1120 1169 exspectavi:
1142 1090 1283 1167 tempus

277 1187 369 1255 enim
384 1193 496 1268 urget.
513 1187 694 1267 Praeterea,
724 1207 793 1269 quo
821 1185 923 1255 citius
945 1207 1032 1269 opus
1051 1191 1209 1254 nostrum
1223 1204 1284 1266 ag·

279 1287 483 1368 gradiemur,
498 1308 538 1355 eo
554 1286 709 1355 existimo
734 1285 959 1355 verosimilius
981 1307 1061 1355 cum
1083 1285 1205 1354 fructu
1219 1304 1283 1353 nos

278 1385 519 1455 elaboraturos
541 1386 582 1466 A,
597 1387 743 1455 sonasse
757 1385 787 1454 is
801 1385 856 1455 ille
870 1392 923 1454 est
935 1385 965 1454 !''
979 1384 1158 1467 subiungit
1172 1404 1282 1467 quum

279 1507 397 1554 vocem
413 1486 641 1556 sciscitantem
655 1486 779 1555 elatam
803 1485 845 1554 de
868 1483 997 1555 “Musir
1011 1484 1174 1567 Piggott''
1188 1482 1284 1554 audi·

279 1586 394 1654 visset.

362 1719 488 1788 Vocem
504 1740 569 1800 ego
584 1719 720 1801 agnovi,
735 1725 775 1788 ut
790 1725 825 1788 et
839 1717 1002 1802 Godfrey,
1023 1717 1197 1802 probeque
1211 1718 1282 1788 ani·

279 1819 446 1888 madverti
463 1819 620 1887 umbram
635 1819 783 1888 tristitiae
797 1819 831 1887 in
847 1819 920 1888 eius
934 1818 1045 1889 vultu.

362 1952 535 2021 Momento
550 1959 626 2034 oost
648 1951 773 2034 Grady,
795 1952 893 2022 cuius
917 1951 1065 2022 calcibus
1088 1950 1282 2023 Simmonds

278 2052 465 2132 insistebat,
481 2052 572 2120 viam
587 2051 649 2121 sibi
664 2052 786 2122 cubitis
800 2074 861 2135 per
876 2051 1013 2122 turbam
1027 2051 1181 2135 parabat

363 2185 474 2255 “Here
498 2186 678 2268 Piggottl’
704 2186 900 2256 clamitabat
921 2185 1046 2269 Grady,
1069 2206 1280 2269 manumque

279 2286 438 2368 gracilem
455 2287 575 2354 Franci
591 2286 697 2355 vastis
711 2287 781 2356 suis
795 2286 934 2369 ungulis
948 2286 1146 2368 compressit
1156 2308 1199 2356 ea
1208 2286 1281 2369 qui·

279 2388 356 2455 dcm
371 2387 415 2466 vi,
432 2408 510 2468 quae
525 2386 596 2454 sine
613 2386 826 2456 dubitatione
840 2386 990 2456 dolorem
1014 2385 1165 2455 incussit.
1196 2385 1282 2457 “De-

279 2489 381 2555 lactat
406 2509 461 2554 me
487 2485 603 2554 videre
629 2493 664 2555 te
688 2509 795 2569 posse,
820 2486 867 2555 mi
892 2486 992 2555 Here.
1013 2485 1137 2557 Salvus
1150 2493 1226 2556 esto
1246 2487 1280 2557 in

280 2587 363 2655 urbe
388 2593 514 2667 nostra,
540 2594 580 2655 ut
603 2608 665 2655 nos
686 2587 740 2655 hic
755 2587 790 2655 in
806 2586 963 2656 America
988 2585 1099 2656 dicere
1123 2586 1281 2657 solemus

280 2686 385 2754 Enixe
412 2707 509 2767 spero
536 2692 569 2754 te
594 2686 736 2768 Anglice
759 2686 854 2766 scire,
876 2707 956 2755 nam
971 2707 1037 2768 ego
1051 2685 1281 2769 linguaculam

280 2794 376 2854 tuam
399 2807 537 2867 prorsus
562 2808 629 2854 non
654 2787 767 2855 calleo.
792 2786 866 2868 Ego
890 2786 1050 2856 Deiectus
1064 2785 1180 2869 Grady
1194 2808 1282 2871 sum,

279 2887 464 2967 praelectus
487 2885 634 2954 decuria¹
659 2894 843 2967 agentum
873 2886 928 2956 hic
950 2894 1067 2956 autem
1089 2885 1283 2958 Simmonds

279 2995 341 3065 est,
357 3007 447 3054 unus
462 3007 615 3055 meorum
631 2986 838 3055 hominum.”

362 3118 484 3188 Suavis
499 3118 571 3187 heri
588 3119 688 3202 Pigot
712 3142 846 3190 morum
870 3118 1098 3204 tranquillitas
1119 3141 1164 3191 ne
1184 3121 1282 3192 mini·

279 3241 374 3288 mum
390 3219 527 3301 quidem
541 3227 615 3288 erat
630 3220 778 3289 turbata.

365 3351 590 3433 “Pergratum
606 3353 689 3421 mihi
704 3361 756 3422 est
772 3360 817 3434 te,
830 3353 877 3423 mi
892 3353 993 3435 Here,
1007 3354 1225 3437 convenisse
1245 3365 1282 3427 et

279 3461 324 3533 te,
339 3453 385 3520 mi
402 3452 491 3520 Here
508 3452 653 3534 Simbn,'’
669 3454 767 3523 fatur
780 3454 844 3523 ille.
861 3453 936 3523 “lta
950 3475 1042 3537 sane,
1056 3454 1125 3525 scio
1139 3455 1281 3539 Anglioe

280 3588 315 3598 -
336 3560 461 3632 tamen,
478 3560 517 3621 ut
533 3552 638 3634 vides,
654 3576 721 3622 non
737 3554 809 3623 sine
825 3554 932 3624 arduo
946 3561 1072 3625 conatu
1087 3554 1239 3639 loquor.’'

363 3684 443 3754 “lsti
468 3687 641 3766 relatores,
667 3694 707 3755 ut
731 3687 812 3756 mihi
838 3687 985 3769 videtur,
1007 3687 1051 3757 ad
1077 3688 1220 3759 exitium
1245 3696 1281 3760 te

280 3786 492 3867 molestant,”
518 3786 642 3868 quibus
664 3787 763 3855 dictis
785 3810 846 3869 per
869 3787 1007 3857 turbam
1027 3789 1278 3872 circumspexit„

280 3889 499 3967 frontemque
530 3887 679 3969 rogavit,
710 3910 817 3969 quum
847 3888 999 3971 Godirey
1028 3888 1282 3961 animadvertit

280 3987 373 4055 “lam
389 3986 523 4055 deceret
539 4010 600 4056 vos
615 3988 898 4057 iuvenculoshinc
909 3989 1086 4059 facessere.
1102 3988 1175 4061 Hac
1189 3992 1281 4061 enim

281 4108 423 4170 vespera
438 4087 554 4157 nihile
570 4087 666 4158 nobis
680 4088 828 4170 elicietis,
853 4110 977 4171 nonne,
999 4088 1090 4161 Here
1104 4089 1285 4177 l’irrnottln
