3128 5016
542 839 636 890 uano
654 839 761 893 proor
779 839 914 895 oavnn
932 839 1015 896 mus
1215 825 1279 896 255

340 1007 475 1175 dHerus
491 1010 591 1090 Pigot
608 1012 703 1080 velut
720 1011 753 1078 in
771 1011 1042 1093 deprecationem
1057 1033 1180 1080 manus
1205 1033 1279 1094 pro

279 1114 336 1175 ten
362 1109 398 1176 it.

363 1208 456 1290 “Ego
473 1232 608 1292 quoque
634 1234 731 1293 spero
753 1212 883 1280 labores
905 1219 1037 1281 nostros
1062 1212 1188 1281 effectu
1210 1235 1278 1280 non

279 1309 473 1388 carituros,”
490 1310 560 1392 ipse
578 1311 767 1392 respondit;
798 1311 938 1380 “verum
963 1312 990 1380 si
1016 1313 1149 1380 lictores
1174 1312 1279 1381 vestri

279 1409 411 1477 ellieere
426 1411 507 1478 nihil
524 1419 691 1493 poterant,
707 1435 826 1480 vereor
842 1420 880 1481 ut
897 1413 973 1480 exili
989 1416 1063 1481 mea
1079 1416 1180 1494 opera
1203 1435 1278 1494 pos·

279 1510 357 1576 sint.
370 1510 442 1589 Ego
453 1513 607 1592 profecto
617 1534 740 1593 magna
757 1513 903 1581 decuriae
919 1521 1043 1581 vestrae
1057 1512 1278 1580 admiratione

280 1615 414 1688 teneor;
438 1611 569 1679 labores
584 1613 656 1679 eius
672 1613 764 1679 miris
780 1613 960 1680 eventibus
982 1614 1054 1680 iure
1081 1613 1279 1694 gloriantur,

280 1711 468 1791 praesertim
485 1712 511 1778 si
529 1734 642 1780 rerum
659 1720 787 1780 statum
800 1712 861 1780 sibi
875 1712 1112 1781 obversantem
1128 1734 1170 1780 ex
1181 1734 1279 1794 aequo

280 1809 537 1889 ponderemus.”

362 1910 478 1978 Sermo
505 1921 620 1979 autem
647 1912 720 1980 eius
746 1934 828 1980 voce
855 1919 926 1980 tam
949 1935 990 1980 ex
1015 1911 1115 1980 corde
1130 1913 1280 1994 genuina

279 2011 431 2090 prolatus
446 2011 527 2078 mihi
544 2011 732 2091 videbatur,
749 2019 789 2080 ut
804 2013 861 2079 vix
877 2011 1020 2080 verbum
1037 2013 1109 2080 eius
1123 2012 1279 2080 dubitare

279 2110 458 2189 auderem;
483 2112 632 2192 Godfrey
650 2120 762 2179 tamen
781 2112 977 2180 subridebat
993 2120 1138 2180 tantum.

362 2210 554 2279 “Lictorum
571 2213 741 2280 decuriam
770 2213 963 2280 Francicam
980 2213 1013 2280 in
1030 2213 1109 2280 orbe
1125 2212 1280 2280 efficacis·

279 2311 397 2378 simam
425 2313 528 2391 esse,''
555 2312 666 2393 inquit
693 2313 756 2390 ille,
783 2311 871 2379 “iam
896 2312 929 2379 in
954 2312 1170 2393 proverbium
1187 2312 1278 2380 abiit.

279 2409 378 2478 Certe
394 2420 432 2479 tu
448 2411 553 2479 habes
568 2411 658 2493 quod
675 2411 716 2479 de
733 2412 854 2479 horum
869 2418 979 2479 morte
995 2413 1120 2480 sentias
1129 2412 1165 2479 ?”

363 2511 510 2579 “Vereor
526 2511 740 2591 admodum,’'
759 2512 929 2593 respondit
944 2511 1048 2580 herus
1060 2512 1158 2592 Pigot
1172 2512 1279 2580 veluti

279 2611 440 2689 dolenter,
458 2611 517 2679 “ut
534 2612 586 2679 hic
603 2612 781 2692 quaestioni
797 2612 849 2679 isti
867 2612 966 2679 modo
989 2612 1191 2693 respondere
1207 2633 1280 2693 pos-

279 2712 351 2790 sim,
368 2719 427 2778 aut
444 2718 482 2778 ut
499 2733 573 2778 eam
590 2721 704 2779 tecum
722 2718 936 2793 pertractem.
971 2711 1122 2779 Primum
1149 2719 1280 2793 oporte-

280 2812 328 2878 bit
344 2834 397 2878 me
414 2812 577 2892 praelecto
593 2821 785 2879 vestrorum
801 2819 966 2891 agentum
993 2811 1149 2891 quaedam
1176 2812 1280 2879 refer·

281 2933 325 2978 re.
348 2911 430 2978 Cras
446 2919 567 2978 cuncta
583 2933 661 2991 quae
677 2919 794 2991 potero
816 2933 893 2978 cum
916 2911 1092 2992 voluptate
1109 2911 1168 2978 tibi
1184 2932 1280 2978 enar·

279 3011 370 3077 rabo.
402 3011 529 3078 Verum
557 3033 618 3091 pro
644 3011 708 3078 ista
734 3033 876 3091 vespera
899 3011 986 3078 labia
1008 3033 1083 3078 mea
1098 3011 1279 3078 constricta

279 3133 415 3178 manere
431 3111 537 3189 decet,
554 3132 794 3191 quamcunque
806 3110 937 3178 doleam
954 3132 1008 3177 me
1024 3110 1136 3178 minus
1146 3111 1278 3178 civilem

279 3212 429 3292 praebere
445 3211 630 3292 oportere.”

363 3310 450 3379 Satis
466 3311 554 3378 clare
570 3311 690 3378 licebat
708 3311 789 3378 mihi
805 3310 921 3378 audire
949 3333 969 3377 a
995 3319 1093 3392 tergo
1120 3311 1279 3392 quemad·

279 3411 417 3478 modum
435 3411 595 3478 relatores
610 3411 675 3478 leni
693 3419 878 3478 retrorsum
894 3410 1074 3491 spiramine
1097 3419 1205 3479 tracto
1220 3411 1280 3478 im·

280 3511 462 3592 probarent
479 3519 643 3590 negatum
659 3510 796 3578 directae
812 3510 991 3591 quaestioni
1008 3533 1216 3591 responsum.
1233 3511 1280 3579 At

279 3612 409 3679 nullum
427 3611 580 3691 prolecto
596 3610 736 3678 dubium
751 3632 823 3678 esse
838 3616 980 3691 poterat,
996 3610 1077 3690 quin
1102 3610 1206 3678 herus
1228 3611 1280 3678 Pi-

279 3719 339 3793 got
355 3711 463 3778 officio
479 3732 541 3778 suo
557 3711 620 3778 rite
637 3712 803 3791 stetisset;
820 3718 934 3778 tamen
950 3710 1100 3792 Godfrey
1112 3712 1278 3779 assultum

279 3835 299 3879 a
315 3813 420 3879 latere
437 3811 593 3878 tentavit.

363 3911 599 3979 “Futurumne
626 3918 677 3979 est
704 3919 743 3979 ut
770 3911 832 3979 hac
859 3932 1000 3992 vespera
1015 3910 1048 3978 in
1072 3917 1198 3979 terram
1224 3912 1280 3980 de-

280 4011 464 4079 seendas?''
481 4011 613 4091 quaerit.

363 4111 550 4193 “Equidem
566 4111 723 4193 aliquem,
740 4112 797 4194 qui
814 4112 922 4180 vicem
945 4111 1091 4180 decuriae
1113 4119 1278 4194 agentum
