3150 5468
325 1222 389 1292 216
583 1239 794 1295 ursammn
815 1238 921 1293 ancia
943 1232 1063 1294 Boura

412 1400 670 1488 operimentum
685 1408 758 1476 fere
774 1407 909 1476 omnino
925 1413 999 1475 erat
1020 1406 1177 1474 avulsum
1202 1425 1240 1475 ac
1264 1404 1329 1474 dis

327 1513 494 1588 cerptum,
509 1513 614 1588 atquc
630 1527 717 1588 arca,
733 1507 829 1588 quasi
844 1507 947 1575 etiam
963 1506 1040 1589 plus
1055 1505 1166 1574 audax
1182 1513 1217 1574 et
1232 1513 1329 1587 petu-

328 1606 403 1676 lans
418 1628 480 1674 sua
495 1606 746 1688 pulchritudine
760 1607 795 1674 in
810 1607 920 1676 medio
935 1607 1058 1687 stabat,
1082 1613 1122 1675 ut
1147 1605 1229 1675 mihi
1256 1605 1329 1688 qui·

327 1706 406 1775 dem
421 1705 572 1788 parebat,
589 1706 715 1775 lumine
731 1706 808 1775 solis
823 1707 944 1787 offusa,
960 1709 1058 1775 cuius
1073 1705 1171 1774 iubar
1186 1705 1330 1788 singulae

328 1805 452 1874 musivi
477 1805 587 1887 operis
612 1805 787 1889 particulae
816 1807 990 1888 fulgentes
1014 1827 1052 1875 ac
1079 1805 1331 1887 resplendentes

330 1904 605 1975 reverberabant.

413 2020 614 2103 “Capiemus
629 2028 743 2090 tamen
760 2043 849 2102 eum,
865 2022 911 2089 mi
927 2021 1148 2102 Simmonds,”
1172 2021 1220 2090 ait
1243 2021 1330 2090 God-

328 2123 406 2204 frey
420 2121 455 2189 in
471 2142 550 2189 eum
566 2121 732 2190 renidens.
756 2120 877 2204 “Quin,
893 2122 1056 2204 profecto,
1081 2122 1148 2190 iam
1164 2122 1267 2190 etiam
1282 2129 1331 2190 te

328 2243 450 2291 nemus
465 2241 555 2289 eum.
579 2220 670 2289 Nihil
697 2222 759 2289 nisi
789 2229 926 2303 tempus
955 2221 1180 2303 opperiemur,
1204 2221 1331 2303 etipse

327 2343 390 2391 sua
405 2328 525 2403 sponte
541 2320 638 2389 nobis
653 2330 814 2390 occurret.
838 2322 923 2402 Age,
939 2320 1140 2401 Simmonds,
1157 2329 1330 2402 asportato

328 2422 415 2490 hanc
431 2441 552 2500 arcam,
567 2421 796 2502 recondasouc
813 2442 888 2489 eam
903 2421 937 2488 in
952 2421 1172 2489 fortissimam
1196 2442 1235 2489 ac
1256 2442 1330 2489 mu·

328 2521 527 2589 nitissimam
543 2520 661 2588 cellam
676 2520 710 2588 in
726 2528 850 2589 vestrae
866 2520 1012 2590 decuriae
1027 2520 1191 2601 statione;
1208 2521 1329 2589 clavim

332 2628 449 2690 autem
464 2627 504 2688 tu
520 2620 591 2703 ipse
605 2621 689 2688 fer.”

418 2736 528 2817 “Quid
544 2736 616 2805 ais?
639 2736 796 2806 Obseran‘
811 2759 886 2806 cam
901 2739 953 2806 vis
968 2738 1001 2806 in
1018 2739 1100 2807 cella
1110 2739 1145 2806 ?’'
1162 2739 1285 2820 quaerit
1301 2739 1330 2807 is

331 2845 483 2920 stupens.

412 2953 621 3035 “Obscrabis,
637 2955 800 3036 profecto,
816 2956 922 3036 eam,”
938 2957 1045 3025 refert
1061 2955 1221 3038 Godfrey.
1239 2954 1330 3024 “lsta

328 3057 397 3125 sola
412 3062 529 3123 nostra
544 3055 636 3122 salus
649 3055 732 3123 est.”
748 3055 874 3124 Vultus
900 3055 974 3125 cius
988 3056 1151 3136 rubebat;
1181 3056 1248 3124 iam
1271 3056 1331 3123 ite·

331 3177 408 3225 rum
425 3155 535 3223 alacer
550 3154 660 3236 ipsum
676 3176 711 3223 se
727 3177 800 3223 csse
815 3155 929 3237 sensit,
944 3157 986 3225 de
1001 3155 1142 3224 victoria
1150 3154 1331 3224 confidens.

328 3255 474 3324 “Nonna
488 3261 528 3322 tu
554 3254 616 3321 has
642 3276 695 3322 res
711 3254 950 3323 administras?
987 3256 1078 3337 Ergo
1100 3255 1135 3323 in
1151 3255 1234 3323 cella
1248 3255 1331 3323 forti

329 3356 416 3424 hanc
432 3353 613 3434 obscrabis,
634 3375 696 3422 nec
712 3355 870 3435 cuiquam
887 3355 1033 3423 rationes
1055 3354 1204 3423 reddes.”

413 3486 472 3555 “ld
488 3486 587 3554 facile
602 3486 692 3567 fiet,”
709 3486 841 3555 ridebat
856 3486 1056 3557 Simmonds.
1073 3487 1166 3557 “Nec
1182 3488 1330 3557 rationes

214 3561 218 3570 ⁴
330 3588 417 3658 ullas
431 3585 594 3655 habebo.”

413 3703 505 3771 “Imo
520 3725 603 3770 vero
618 3702 752 3783 habes,”
770 3703 879 3785 inquit
896 3704 1056 3787 Godfrey‚
1073 3705 1233 3774 obtutum
1256 3705 1330 3774 fere

328 3803 550 3887 hypnoticum
567 3802 600 3870 in
617 3825 696 3870 eum
712 3811 923 3873 convertens.
947 3804 1006 3873 “ld
1030 3813 1068 3873 tu
1085 3811 1226 3886 statues,
1248 3826 1332 3887 quo

328 3903 420 3972 niam
435 3924 500 3984 ego
515 3902 549 3970 id
565 3902 611 3970 sic
627 3904 731 3970 statui
749 3904 835 3983 volo,
852 3911 886 3971 et
902 3904 1061 3985 quoniam
1078 3925 1141 3985 cgo
1156 3906 1211 3972 aio
1235 3905 1331 3972 futu·

329 4025 417 4084 rum,
433 4009 474 4070 ut
489 4002 598 4070 serius
614 4009 674 4069 aut
690 4002 799 4082 citius
817 4003 842 4070 si
859 4002 945 4070 hanc
962 4024 1073 4071 arcam
1090 4011 1202 4071 tutam
1218 4025 1331 4072 serva·

329 4103 429 4183 veris,
445 4101 503 4170 ubi
520 4124 540 4169 a
556 4101 648 4169 nullo
663 4103 837 4170 attrectari
853 4103 967 4184 possit,
994 4103 1022 4171 is
1038 4105 1096 4184 qui
1119 4102 1331 4172 desideratur

329 4225 391 4273 sua
406 4208 525 4284 sponte
540 4202 573 4269 in
589 4223 712 4270 manus
727 4210 859 4270 nostras
874 4203 997 4270 veniet.
1011 4202 1111 4282 Quin,
1127 4202 1332 4284 Simmonds,

330 4311 364 4373 et
380 4301 456 4385 plus
470 4301 531 4369 tibi
548 4301 674 4369 dicam:
698 4302 819 4369 sicum
845 4302 1042 4383 ceperimus
1068 4301 1329 4384 pulcherrimam

329 4425 433 4486 quam
449 4422 601 4482 unquam
615 4401 788 4469 historiam
804 4401 944 4482 habebo,
966 4410 1041 4470 tum
1058 4411 1172 4470 autem
1188 4402 1222 4470 in
1239 4402 1330 4471 omni

328 4503 408 4573 orbe
434 4502 528 4571 fama
557 4501 692 4570 cluebis.
723 4501 864 4571 Francia
880 4509 923 4583 te,
948 4501 1147 4585 Simmonds,
1169 4502 1329 4586 Equitem
