3128 5016
675 1766 825 1837 CAPUT
846 1767 893 1837 Vl

618 1953 752 2020 Mulier
764 1953 805 2021 io
822 1953 949 2023 Causa.

368 2138 437 2206 IAM
459 2137 581 2206 Ctapm
602 2135 753 2219 prodire;
775 2143 945 2205 secretum
972 2137 1160 2219 quamlibet
1184 2139 1287 2208 sordi·

285 2238 379 2319 dum,
395 2237 552 2319 quamvis
567 2243 678 2319 turpe,
695 2235 919 2305 revelandum
934 2243 1019 2306 erat.
1052 2237 1128 2307 Vidi
1147 2240 1285 2309 vultum

283 2338 398 2418 Grady
422 2337 529 2406 torvis
554 2336 766 2406 lineamentis
793 2336 1036 2418 compositum;
1066 2337 1185 2408 audire
1211 2347 1286 2408 erat

282 2438 442 2508 fremitus
455 2444 668 2518 caeterorum,
683 2444 722 2507 ut
733 2435 893 2506 audirent
904 2458 1060 2519 prorsum
1072 2438 1285 2509 enitentium.

365 2553 481 2636 Grady
496 2576 515 2623 e
531 2555 663 2623 sacculo
678 2554 872 2636 lagenulam
887 2554 1039 2636 protulit,
1050 2576 1194 2637 eamque
1208 2576 1286 2639 ape

282 2657 362 2725 ruit

364 2771 487 2841 “Sume
502 2771 546 2840 sis
560 2770 722 2840 haustum
738 2792 779 2840 ex
795 2769 889 2853 hoc,''
906 2771 1036 2841 affatur
1046 2771 1186 2855 Rogas,
1197 2794 1286 2841 eam·

281 2896 348 2957 que
364 2873 410 2941 illi
426 2872 460 2940 in
477 2893 600 2941 manus
614 2871 729 2940 tradit.

364 2989 452 3058 Satis
466 2989 556 3058 clare
570 2988 686 3057 audivi
703 2988 896 3071 lagenulam
919 2987 1080 3057 dentibus
1093 2988 1167 3057 eius
1181 2989 1283 3072 allidi,

280 3098 320 3160 ut
335 3112 411 3159 eam
427 3089 477 3158 ori
493 3111 555 3158 suo
570 3088 669 3157 avide
683 3087 856 3171 applicuit,
871 3095 978 3170 atque
992 3096 1108 3157 ternos
1122 3097 1185 3158 aut
1200 3111 1283 3172 qua·

280 3198 396 3259 ternos
410 3188 554 3271 sumpsit
570 3189 724 3257 haustus.

364 3306 528 3387 “Gratias,
545 3306 590 3374 mi
607 3305 728 3388 Here,’'
743 3303 860 3374 retulit
887 3304 1018 3387 Rogers
1039 3304 1123 3374 dum
1146 3306 1285 3387 lagenu·

279 3409 346 3477 lam
361 3407 497 3476 domino
527 3406 686 3475 restituit.
709 3406 835 3475 Vultus
850 3405 1063 3488 aliquantum
1089 3406 1209 3474 coloris
1235 3406 1284 3475 in·

279 3508 385 3578 duere
399 3508 523 3588 coepit;
556 3506 829 3575 animadvertere
853 3512 968 3574 tamen
992 3505 1156 3589 putabam
1179 3506 1283 3575 aliurn

279 3608 379 3676 modo
394 3608 427 3675 in
444 3606 549 3675 oculis
574 3606 648 3675 eius
673 3627 746 3675 esse
771 3605 932 3675 obtutum
958 3641 998 3650 -
1024 3626 1104 3674 nam
1121 3605 1283 3674 inlocum

278 3708 426 3777 horroris
442 3707 542 3776 timor
557 3707 726 3776 successit.

361 3823 500 3893 lnterim
516 3823 631 3906 Grady
647 3824 822 3906 capsulam
838 3823 954 3893 orificii
970 3823 1137 3906 lagenulae
1152 3843 1226 3891 non
1242 3822 1285 3891 si·

277 3947 321 3994 ne
336 3946 461 4006 magna
477 3945 559 3993 cura
574 3924 772 3993 cochleatim
789 3925 933 4005 intorsit,
956 3924 1131 4006 ipsamque
1146 3924 1279 3992 sacculo

279 4025 474 4095 recondidit.
498 4024 628 4106 Rogers
643 4032 757 4094 tamen
773 4032 845 4094 toto
861 4025 924 4093 hoc
943 4032 1096 4107 tempore
1110 4044 1191 4093 eum
1207 4023 1282 4093 fur·
