3128 5016
600 851 726 905 nonus
748 851 969 906 vurvamrn
1240 838 1282 907 35

282 1044 376 1103 voce,
402 1021 485 1090 dum
511 1042 629 1089 ansam
656 1021 733 1089 ostii
759 1028 879 1090 tenens
893 1021 1063 1104 paulisper
1077 1022 1282 1104 morabatur,

282 1122 430 1192 “nullam
445 1121 533 1190 circa
548 1121 813 1203 praestinandam
836 1122 926 1190 illam
941 1144 1003 1204 pro
1019 1145 1073 1191 me
1088 1145 1201 1191 arcam
1217 1130 1283 1192 ter·

282 1222 545 1306 giversationem
559 1222 768 1291 intercedere
786 1222 918 1290 debere.
934 1223 1017 1291 Mihi
1039 1245 1115 1292 eam
1135 1224 1218 1306 eripi
1240 1246 1283 1293 ne

282 1323 409 1392 siveris.
432 1322 593 1392 Omnium
608 1321 754 1391 maxime
770 1322 856 1391 serio
871 1323 1020 1404 loquor.”

366 1421 471 1492 “Eam
487 1422 549 1492 tibi
564 1423 647 1504 eripi
662 1445 730 1491 non
746 1423 885 1504 sinam‚’'
902 1423 1081 1505 pollicebar
1103 1423 1158 1492 illi.
1182 1422 1282 1493 “For-

281 1533 372 1594 tasse
387 1525 490 1593 etiarn
504 1523 655 1606 proden't
681 1545 737 1593 me
762 1546 831 1592 non
855 1523 940 1593 adeo
965 1530 1104 1606 captum
1119 1546 1160 1593 ea
1174 1546 1211 1594 re
1225 1525 1281 1594 fu·

280 1625 376 1694 Isse„

365 1724 538 1794 “Primum
554 1746 657 1807 quam
672 1724 859 1806 quidquam
881 1725 961 1793 novi
984 1724 1073 1793 circa
1097 1724 1184 1794 hanc
1206 1747 1279 1794 rem

282 1826 466 1907 resciveris
497 1826 553 1895 fac
583 1847 638 1894 me
675 1825 761 1893 illico
792 1824 1002 1906 certiorem‚'’
1026 1825 1151 1907 quibus
1186 1825 1284 1894 dictis

281 1927 407 1996 ostium
423 1948 553 2009 prome
568 1925 696 2008 pandit.

365 2027 517 2096 Primum
532 2026 676 2108 pedibus
690 2025 773 2093 mihi
787 2025 927 2095 domum
943 2025 991 2095 ire
1005 2026 1040 2094 in
1056 2025 1169 2094 animo
1190 2025 1278 2107 fuit3

282 2128 340 2197 sed
356 2150 465 2211 quum
481 2128 515 2195 in
532 2127 683 2195 Plateam
699 2126 854 2195 diversus
880 2148 1016 2195 sursum
1042 2126 1216 2195 ambulare
1232 2126 1281 2195 in-

281 2229 437 2312 ciperem,
454 2249 537 2310 grex
553 2227 635 2295 mihi
651 2227 785 2296 obviam
810 2228 924 2296 factus
949 2233 1001 2295 est
1026 2227 1216 2310 puellarum
1238 2249 1280 2296 ex

281 2328 421 2399 officinis
445 2328 624 2398 fabrilibus
653 2328 851 2408 effusarum,
882 2350 960 2410 quae
989 2328 1023 2396 in
1052 2328 1175 2396 vicinia
1204 2327 1279 2396 sitae

280 2437 387 2499 erant.
404 2429 626 2512 Aliquantum
641 2428 805 2497 obluctari
821 2428 961 2509 tentavi,
978 2435 1148 2510 postremo
1163 2435 1278 2496 tamen

280 2537 369 2600 nutu
384 2531 549 2612 pilentum
565 2528 777 2597 meritorium
804 2528 974 2609 accersivi,
990 2535 1025 2597 et
1041 2551 1120 2596 mox
1136 2528 1279 2610 suspirio

281 2629 493 2699 allevationis
508 2629 621 2709 ducto,
637 2628 672 2696 in
689 2629 859 2709 pulvinari
875 2628 1044 2698 reclinavi.
1067 2629 1139 2697 lam
1153 2628 1279 2710 gaudio

281 2730 362 2798 mihi
375 2731 444 2799 fuit
458 2730 513 2798 vel
530 2751 548 2797 e
565 2729 664 2797 domo
680 2728 827 2797 Vantine
843 2729 1007 2798 evasisse:
1040 2728 1166 2811 aliquid
1187 2728 1278 2796 enim

281 2830 325 2899 ibi
340 2830 493 2898 animum
508 2828 590 2897 mihi
606 2828 768 2897 obrutum
794 2828 943 2910 tenebat,
958 2835 993 2898 et
1009 2828 1194 2897 universim
1209 2850 1282 2897 ma·

280 2932 311 2999 le
325 2952 379 2998 me
394 2929 509 2998 habui.
532 2929 636 2997 Miror
651 2935 769 2997 utrum
796 2928 942 2998 Vantine
969 2928 1106 3011 penitus
1130 2928 1220 3010 apud
1243 2950 1279 2997 se

280 3029 395 3099 fuerit.
418 3029 580 3097 Potestne
606 3028 787 3110 quisquam
813 3029 865 3097 sui
880 3051 954 3098 esse
969 3050 1115 3111 compos,
1131 3028 1189 3110 qui
1205 3050 1281 3097 cen-

280 3138 355 3198 tum
371 3129 475 3197 millia
500 3128 710 3197 centussium
735 3127 779 3195 ad
805 3129 1073 3210 praestinandum
1089 3129 1278 3197 frustulum

279 3229 489 3313 supellectilis
504 3250 645 3311 erogare
658 3250 726 3296 non
743 3228 891 3297 dubitet?
900 3229 1093 3298 Praesertim
1103 3228 1204 3297 homo
1219 3229 1279 3311 qui

281 3338 416 3399 tantum
431 3329 645 3411 dispendium
662 3350 761 3410 aequo
776 3329 888 3397 animo
903 3331 963 3398 vix
976 3331 1068 3398 ferre
1079 3328 1193 3411 possit.
1206 3328 1279 3398 sta-

281 3438 405 3500 tumet
422 3429 693 3511 magnitudinem
715 3430 763 3497 rei
785 3430 962 3498 familiaris
977 3429 1125 3499 Vantine
1140 3451 1279 3512 prorsus

282 3538 492 3613 perspectam
508 3529 630 3610 habui;
651 3537 688 3597 at
702 3537 840 3598 centum
856 3530 958 3598 millia
973 3529 1121 3598 reditum
1135 3529 1208 3599 eius
1223 3552 1280 3598 an-

281 3652 389 3699 nuum
405 3637 665 3712 superaverunt.
686 3630 776 3698 Turn
791 3630 894 3699 etiam
909 3651 1043 3699 mecum
1058 3629 1190 3698 subrisi.
1206 3629 1280 3700 Uti-

281 3753 346 3813 que
361 3730 519 3811 Vantine,
535 3751 643 3812 quum
669 3751 726 3799 eos
751 3737 921 3799 extremos
944 3728 1068 3799 limites
1090 3729 1278 3812 erogationi

280 3831 410 3912 statuit,
426 3830 601 3899 iocabatur
616 3830 735 3898 solum.
767 3830 855 3898 Arca
870 3852 940 3899 una
955 3830 1085 3899 decima
1099 3829 1173 3899 eius
1188 3851 1278 3898 sum-

281 3952 346 3999 mae
360 3930 551 4013 praestinari
566 3936 710 4012 poterat,
725 3929 770 3998 ad
784 3951 965 3999 summum.
1002 3930 1047 3998 Et
1068 3951 1178 4012 usque
1193 3929 1278 3998 ride

281 4029 358 4099 bam
372 4052 481 4113 quum
496 4031 622 4112 pilento
648 4051 806 4111 egressus
831 4029 987 4112 aurigam
1012 4029 1151 4113 exsolvi,
1176 4035 1212 4098 et
1232 4028 1276 4098 ad

280 4130 473 4200 cubiculum
488 4152 603 4200 meum
618 4130 763 4199 ascendi.
