3128 5016
316 719 377 789 106
586 735 794 790 ursrnnruu
816 734 923 789 rnen
944 727 1061 790 bourn

318 912 434 973 menta
448 926 527 973 cum
542 904 729 972 admirabili
746 904 877 986 sibique
891 904 1087 973 consistenti
1099 902 1321 986 descriptione

318 1006 682 1073 eventuumaRccord
694 1005 864 1073 editorum
876 1006 1091 1073 conferentes
1100 1004 1218 1072 eadem
1230 1004 1323 1072 darn-

317 1105 480 1185 naverint,
513 1105 652 1186 proinde
679 1112 714 1173 et
738 1104 934 1185 suspicabar
959 1103 1172 1186 triumphum
1188 1106 1321 1173 Record

319 1205 353 1272 in
367 1226 470 1273 causa
496 1227 568 1273 esse
594 1226 700 1286 quare
725 1204 832 1286 copiae
858 1204 1041 1273 relatorum
1067 1204 1159 1274 aedes
1173 1204 1321 1274 Vantine

318 1304 538 1373 obsedissent.

403 1404 542 1472 Interim
558 1405 697 1474 simulac
713 1405 817 1473 herus
832 1406 944 1488 Royce
966 1406 1000 1474 in
1027 1405 1195 1474 officinam
1221 1405 1321 1475 adve-

319 1512 426 1584 nerat,
442 1511 553 1572 totum
570 1505 660 1573 hunc
678 1528 792 1573 rerum
808 1513 937 1574 statum
953 1527 1032 1574 curn
1047 1528 1088 1575 eo
1104 1506 1320 1588 pertractavi,

319 1605 487 1686 reliquum
514 1611 629 1672 autem
656 1605 721 1673 diei
746 1614 881 1686 tempus
907 1605 1129 1686 documentis,
1159 1605 1202 1674 ad
1232 1605 1321 1674 bona

318 1705 465 1773 Vantine
480 1705 688 1773 facientibus
703 1705 912 1787 inquirendis
934 1712 970 1773 et
996 1727 1017 1773 a
1042 1706 1224 1774 Tabulario
1247 1728 1321 1788 pro

318 1805 438 1873 bandis
454 1805 627 1885 insumpsi.
642 1805 748 1872 Parks
764 1805 898 1872 interim
914 1806 1016 1873 semel
1027 1813 1089 1873 aut
1101 1805 1152 1874 bis
1162 1828 1217 1874 me
1229 1827 1320 1888 quae·

318 1905 420 1973 situm
437 1905 517 1986 quid
534 1905 575 1972 de
591 1907 693 1973 certis
718 1906 870 1974 minutiis
895 1906 1100 1986 statuissem,
1125 1907 1319 1988 appellavit,

318 2005 438 2086 aliquis
460 2013 575 2072 autern
589 2028 608 2072 e
624 2005 822 2086 propinquis
848 2006 1043 2087 potioribus,
1070 2006 1232 2088 patruelis
1257 2013 1319 2074 aut

317 2105 538 2173 consobrinus
552 2105 644 2172 tertii
660 2106 713 2173 vel
730 2106 842 2186 quarti
864 2106 993 2186 gradus
1008 2106 1163 2175 alicunde
1177 2128 1219 2174 ex
1235 2105 1319 2174 occi·

317 2204 419 2272 dente
436 2204 725 2285 telegraphemate
740 2227 794 2272 me
809 2204 923 2272 docuit
939 2227 973 2273 se
989 2227 1110 2273 versus
1133 2206 1207 2273 Neo
1233 2205 1319 2274 Ebo

318 2326 433 2372 racum
462 2304 525 2371 iter
552 2305 746 2385 suscepisse.
784 2305 872 2372 Turn
900 2312 1017 2373 autem
1038 2305 1126 2373 circa
1141 2305 1317 2373 dimidium

223 2400 227 2405 ’
318 2404 569 2485 postmeridiem
586 2404 721 2471 Parisiis
736 2405 925 2484 remulcale‚
941 2427 962 2473 a
977 2427 1031 2474 me
1047 2405 1114 2474 iarn
1131 2426 1227 2487 paene
1238 2404 1318 2472 obii·

317 2511 402 2585 tum,
418 2504 520 2573 huius
535 2504 661 2573 tenoris
677 2504 849 2586 pervenit:

401 2687 534 2769 “Royce
550 2688 580 2757 dc
596 2688 724 2768 Lcster,
742 2687 815 2756 Neo
831 2688 982 2757 Eboraci.

400 2804 553 2873 “Erroris
578 2805 612 2872 in
642 2827 720 2872 arca
751 2805 1011 2874 transmittenda
1042 2828 1103 2873 nos
1132 2805 1316 2876 admodum

316 2906 468 2987 poenitct.
491 2906 649 2974 Deiectus
664 2912 779 2974 noster
795 2905 999 2987 explicatum
1014 2905 1138 2974 veniet.

977 3021 1149 3091 “Armand
1165 3031 1200 3092 et
1216 3023 1315 3093 Fils”

398 3205 450 3274 Sic
475 3206 592 3287 itaque
618 3206 721 3274 finem
747 3206 877 3287 accepit
902 3206 1020 3274 fabula
1049 3206 1180 3289 poetica
1210 3229 1314 3289 quarn

315 3305 465 3387 Godfrey
483 3313 624 3386 texerat,
640 3314 674 3373 et
691 3328 793 3387 quarn
809 3308 945 3375 credere
961 3328 1026 3387 ego
1041 3328 1138 3388 paene
1149 3329 1243 3376 eram
1255 3329 1313 3390 pa·

316 3414 413 3474 ratus
431 3451 459 3461 -
485 3406 602 3474 fabula
617 3406 658 3474 de
675 3406 811 3473 consilio
837 3406 979 3486 conscio,
995 3406 1037 3474 de
1053 3406 1181 3475 insidiis
1195 3416 1230 3476 et
1246 3429 1316 3476 rno-

315 3505 453 3573 limento
479 3506 521 3572 de
548 3505 714 3573 industria
738 3506 915 3585 concoctis,
941 3505 1051 3587 deque
1067 3507 1140 3574 aliis
1160 3507 1313 3588 idgenus.

315 3605 396 3673 Haec
412 3605 517 3685 igitur
532 3628 611 3673 casu
628 3613 761 3673 tanturn
779 3605 974 3673 inciderunt.
1012 3605 1064 3673 Ad
1088 3606 1161 3674 haec
1187 3615 1222 3675 et
1243 3607 1314 3689 ipse

314 3704 356 3773 de
371 3726 425 3772 me
440 3713 475 3772 et
490 3705 533 3773 ob
550 3727 660 3772 meam
686 3705 920 3773 credulitatem
946 3705 1012 3773 risi.
1046 3705 1147 3774 Haud
1171 3705 1313 3775 dubium

314 3805 396 3887 quin
413 3813 447 3873 et
464 3827 539 3872 mea
563 3805 727 3885 figmenta
751 3805 881 3887 poetica
896 3804 938 3872 de
954 3805 1092 3874 occultis
1118 3806 1238 3875 forulis
1258 3806 1315 3875 de·

312 3928 380 3987 que
395 3905 572 3973 venenatis
585 3905 781 3986 cuspidibus
797 3928 894 3987 aeque
910 3905 1066 3974 fabulosa
1079 3929 1153 3975 csse
1163 3928 1314 3989 compro

314 4005 447 4074 bentur.
470 4005 508 4073 In
524 4026 600 4073 meo
615 4005 717 4073 animi
732 4013 824 4074 statu
847 4013 945 4075 nocte
971 4005 1130 4074 besterna
1144 4007 1216 4076 baec
1232 4006 1315 4075 satis
