3128 5016
276 761 340 829 302
536 776 747 831 ursmarum
769 775 876 829 Anca
897 768 1016 830 soum

362 943 477 1026 Grady
491 945 628 1013 vultum
644 965 746 1012 suum
761 941 951 1013 tersitabat.

362 1044 445 1124 “Ita,
459 1067 550 1126 sane,
566 1044 687 1127 utique
697 1043 726 1112 !”
741 1043 937 1113 ludificabat
953 1041 1078 1125 Grady.
1116 1041 1193 1111 “Me
1208 1062 1281 1124 per·

278 1146 405 1228 spicere
421 1144 580 1214 decebat!
602 1144 771 1226 Suspicari
793 1166 847 1212 me
875 1142 1017 1212 decebat
1042 1142 1146 1212 etiam
1172 1162 1280 1224 quum

282 1253 320 1314 tu
343 1267 423 1313 eum
439 1245 639 1313 intervisere
661 1243 857 1325 satagebas;
880 1263 988 1326 quum
1003 1243 1075 1325 ipse
1089 1262 1154 1324 ego
1169 1241 1212 1310 de
1225 1262 1283 1310 na·

279 1345 313 1413 vi
330 1344 559 1425 devehebam;
581 1344 685 1412 etiam
700 1366 807 1426 quum
823 1343 897 1412 eius
917 1342 1123 1413 documenta
1144 1350 1221 1411 rata
1241 1361 1280 1410 ac

279 1444 421 1527 probata
451 1466 643 1526 repereram
659 1479 700 1488 -
722 1444 803 1526 quin
825 1443 928 1512 etiarn
950 1441 1120 1525 usquead
1135 1440 1282 1524 effigiem

280 1567 377 1614 suam
392 1545 426 1613 in
443 1545 638 1627 syngrapho
650 1543 730 1613 suo!
753 1544 876 1612 Nonne
898 1543 971 1612 haec
985 1543 1053 1611 iam
1068 1542 1161 1611 clara
1181 1539 1282 1611 sunt!

280 1645 313 1715 Si
329 1645 428 1713 modo
443 1645 597 1713 homines
612 1666 709 1727 aeque
732 1644 818 1713 bene
840 1643 1040 1726 prospicere,
1056 1663 1161 1725 quam
1177 1640 1281 1724 respi-

279 1767 354 1814 cere
370 1752 517 1827 possent,
529 1766 631 1826 quam
647 1752 760 1814 essent
774 1751 898 1813 cuncta
912 1764 1073 1826 prospera
1084 1742 1114 1810 !''

365 1844 550 1913 “Ausculta
568 1844 678 1925 modo,
691 1844 836 1927 Grady,'’
851 1843 992 1912 amicius
1009 1843 1106 1912 tatur
1122 1840 1285 1924 Godfrey,

281 1944 384 2013 “nihil
394 1945 503 2013 habeo
512 1966 618 2026 quare
628 1944 690 2013 tibi
702 1944 737 2012 in
748 1965 892 2027 persona
902 1943 1057 2013 infensus
1065 1941 1139 2023 sim;
1149 1962 1212 2011 nec
1219 1940 1285 2011 dir-

281 2044 381 2112 fiteor
391 2044 495 2113 stulte
511 2066 565 2112 me
577 2044 685 2125 egisse
701 2066 809 2126 quum
824 2043 985 2114 sollicitus
1004 2042 1050 2112 ibi
1065 2041 1236 2111 stetissem
1250 2046 1286 2111 et

280 2165 360 2214 cum
376 2143 545 2214 Crochard
561 2145 747 2213 collocutus
761 2165 880 2226 essem,
896 2164 959 2213 nec
971 2142 1047 2226 quis
1062 2141 1116 2211 ille
1130 2148 1287 2211 essetsu·

282 2244 437 2326 spicarer.
454 2244 499 2312 At
515 2244 587 2312 haec
602 2245 715 2312 omnia
730 2251 856 2326 praeter
870 2265 942 2313 rem
958 2250 1049 2312 sunt
1068 2242 1124 2312 Tu
1138 2240 1288 2311 decuriae

282 2345 533 2426 speculatorum
549 2366 666 2426 praees,
682 2344 822 2427 proinde
845 2351 947 2413 tuum
964 2350 1017 2412 est
1039 2342 1081 2413 de
1106 2341 1210 2411 rebus
1234 2340 1288 2411 his

282 2445 413 2513 cunctis
424 2443 636 2526 respondere.
649 2445 721 2513 Nec
733 2452 773 2513 tu
783 2443 986 2513 fortitudine
994 2464 1099 2524 cares,
1107 2441 1173 2511 hoc
1183 2440 1289 2511 liben-

283 2553 336 2613 ter
362 2544 414 2623 do;
440 2566 562 2612 verum
577 2552 614 2613 tu
631 2545 766 2613 muneri
782 2552 843 2614 tuo
857 2544 966 2627 impar
980 2566 1017 2614 es
1033 2578 1073 2588 —
1087 2564 1217 2612 munus
1231 2540 1289 2612 do.

284 2653 336 2713 tes
350 2652 429 2712 tuas
444 2644 585 2724 excedit,
612 2667 674 2713 nec
698 2653 733 2714 te
755 2645 790 2713 id
816 2645 914 2713 fallit.
940 2643 1089 2726 Sequere
1109 2642 1288 2712 consilium

284 2766 409 2825 meum,
425 2744 480 2812 adi
501 2745 546 2813 sis
571 2746 665 2813 illum
692 2745 912 2828 telephonum
938 2742 1150 2827 propriisque
1173 2740 1289 2812 verbis

284 2845 355 2913 tuis
370 2853 405 2912 tc
421 2844 571 2913 abdica.”

371 2944 496 3025 Grady,
512 2945 608 3013 velut
624 2945 681 3027 qui
697 2945 838 3014 auribus
861 2943 982 3014 diffidit
1008 2943 1088 3025 suis,
1113 2943 1230 3013 oculos
1252 2942 1289 3013 in

287 3067 367 3113 eum
384 3045 468 3127 figit.

370 3144 445 3212 “Me
472 3166 532 3226 per
562 3145 780 3228 telephonum
799 3145 956 3215 abdicare
967 3144 996 3213 !”
1020 3143 1147 3227 repetit
1171 3142 1290 3214 verba.

286 3245 399 3314 “Num
418 3267 472 3312 me
488 3245 633 3314 insanire
649 3246 794 3328 putas?”

373 3344 505 3425 “Magis
520 3368 611 3414 nunc
627 3368 730 3429 quam
747 3346 913 3415 hactenus
928 3344 1067 3429 putavi!
1083 3344 1222 3415 Patroni
1238 3344 1291 3416 tui

289 3446 371 3513 nihil
388 3445 534 3526 amplius
549 3446 609 3515 tibi
623 3446 820 3528 proderunt,
837 3446 982 3528 Grady.”

352 3545 486 3613 “lstane
494 3554 575 3615 sunt
586 3547 628 3615 ad
638 3568 717 3629 quae
726 3546 896 3615 audienda
904 3568 960 3615 me
969 3545 1036 3615 huc
1045 3544 1292 3615 accersivistrY

371 3646 469 3713 “Non
486 3645 550 3714 ista
566 3648 678 3728 sunt,’'
694 3648 801 3716 refert
817 3646 979 3729 Godfrey,
995 3646 1090 3716 “haec
1098 3666 1195 3715 mera
1207 3645 1293 3717 acci·

288 3745 437 3815 dentalia
462 3746 635 3816 existimes
650 3782 690 3792 —
714 3769 827 3816 nonne
843 3756 883 3816 tu
898 3747 986 3816 hanc
1011 3746 1293 3830 disceptationem

288 3847 478 3918 induxisti?
496 3884 534 3892 -
550 3848 626 3916 Huc
641 3856 676 3917 te
691 3848 851 3916 accersivi
867 3855 907 3916 ut
922 3846 1145 3917 convenires.
1161 3898 1169 3916 .
1186 3846 1217 3916 .”

375 3950 481 4017 lanua
497 3949 644 4017 exterior
659 3950 783 4018 iterum
799 3948 929 4031 patefit,
944 3955 980 4018 et
1003 3946 1155 4031 Godfrey
1180 3946 1293 4019 subri-

290 4048 374 4119 dens
388 4072 428 4119 eo
443 4051 557 4119 oculos
570 4049 749 4120 convertit.
