3150 5468
510 1241 630 1299 nunus
650 1242 807 1297 nnumn
828 1242 1023 1297 conemur
1206 1224 1268 1295 181

263 1433 356 1491 num,
372 1432 475 1494 quem
492 1411 628 1479 maximi
643 1412 845 1492 feceramus,
861 1410 1045 1480 amisimus.
1069 1410 1158 1481 Eum
1173 1409 1265 1481 domi

266 1532 337 1578 suae
351 1518 526 1579 mortuum
543 1518 717 1592 repertum
734 1511 966 1579 memoravisti
977 1510 1015 1580 ?'’

347 1627 472 1696 “Recte
487 1627 680 1707 meministi,
696 1635 854 1697 mortuus
870 1636 986 1696 autern
1001 1634 1053 1696 est
1079 1649 1098 1696 e
1124 1627 1267 1698 minutis

264 1728 297 1795 in
315 1749 417 1795 manu
434 1727 578 1808 geminis
594 1727 801 1809 vulneribus,
817 1728 852 1797 in
868 1749 947 1811 quae
968 1727 1115 1797 maxime
1141 1727 1267 1798 lethale

262 1827 358 1895 virus
372 1834 445 1894 erat
461 1827 693 1896 instillatum.”

344 1941 452 2011 “Mira
477 1964 605 2013 narras
639 1943 683 2013 Et
709 1967 812 2028 quem
838 1945 872 2014 in
898 1943 1038 2014 modum
1063 1966 1105 2014 ea
1119 1945 1264 2014 vulnera

262 2050 360 2111 erant
376 2042 548 2113 inflicta?”

345 2159 403 2228 “ld
419 2160 599 2230 nescimus.
623 2161 705 2230 Mihi
722 2161 834 2230 visum
850 2169 925 2230 erat
943 2215 949 2230 .
967 2215 974 2230 .
992 2162 1022 2231 .”

344 2277 471 2360 “ltane,
496 2300 616 2347 revera
625 2278 661 2347 ?’'
686 2279 813 2361 quaerit
839 2279 1054 2361 fulgentibus
1079 2301 1122 2348 ex
1148 2278 1266 2348 incita·

263 2386 378 2447 mento
392 2379 507 2449 oculis.

344 2496 486 2564 “Paucis
501 2495 591 2563 horis
607 2502 688 2564 ante
704 2495 791 2564 alius
806 2495 883 2577 quis
893 2495 1012 2564 eodem
1024 2495 1125 2565 modo
1136 2495 1266 2566 occisus

262 2603 418 2677 repertus
433 2603 485 2664 est
501 2596 535 2663 in
551 2595 670 2664 eodem
686 2595 873 2664 cubiculo.'’

345 2712 496 2794 “Aliquis
511 2712 638 2781 alius?'’

343 2829 569 2909 “Peregrinus
585 2829 714 2910 aliquis
742 2829 800 2911 oui
827 2828 948 2897 herum
976 2827 1123 2897 Vantine
1148 2828 1263 2897 visum

261 2937 412 2996 venerat.
430 2928 510 2995 Mihi
527 2937 608 2996 tunc
624 2930 736 2997 visum
752 2937 825 2996 erat
842 2937 914 2997 tum
931 2928 1022 2997 hunc
1034 2929 1263 3010 peregrinum,

262 3037 334 3096 turn
351 3028 472 3096 herum
489 3028 635 3096 Vantine
650 3030 821 3096 oecultum
834 3029 1016 3110 quemdam
1028 3029 1189 3108 forulum,
1203 3028 1262 3111 qui

260 3128 292 3195 in
311 3151 388 3197 arcu
406 3128 509 3196 Boule
526 3128 662 3207 latebat,
680 3137 897 3209 temerantes,
913 3136 1057 3196 mortem
1082 3128 1264 3210 oppetivis·

259 3251 304 3296 se.
328 3227 937 3311 Quidquamnetibi‚HereAr1nand,
963 3228 1006 3297 de
1029 3228 1168 3296 historia
1190 3227 1264 3297 eius

258 3350 347 3396 arcae
362 3328 537 3409 cognitum
553 3328 651 3396 est?'’

342 3445 485 3513 “Arcam
501 3444 588 3514 hane
604 3467 665 3527 pro
681 3445 837 3513 Matrona
852 3443 894 3512 de
912 3443 1112 3526 Montespan
1128 3443 1173 3512 ab
1186 3442 1260 3525 ipso

260 3546 340 3614 hero
369 3546 473 3614 Boule
500 3547 628 3614 factam
654 3567 727 3613 esse
752 3543 953 3623 eredimus‚”
981 3544 1153 3626 respondit
1179 3543 1262 3626 ipse,

259 3646 361 3713 “Haec
377 3654 428 3713 est
445 3646 553 3727 prima
568 3654 603 3713 et
619 3645 800 3726 originaria
816 3644 889 3712 eius
904 3664 983 3725 quae
998 3643 1136 3712 nuncin
1151 3643 1263 3711 Louv·

259 3768 294 3814 re
310 3754 372 3824 est,
388 3745 430 3813 de
447 3767 514 3827 qua
528 3745 610 3813 satis
624 3753 757 3813 constat
775 3743 937 3811 Ludovici
955 3743 1070 3825 Magni
1086 3742 1223 3812 fuisse.”

342 3879 415 3946 “Ita
431 3887 465 3947 et
482 3879 629 3947 Vantine
644 3877 817 3958 credidit‚”
834 3876 966 3945 affirmo
981 3900 1056 3961 ego.
1083 3875 1204 3947 “Unde
1225 3875 1260 3945 id

258 3979 446 4058 deduxerit,
463 3979 574 4047 nescio
592 3979 652 4023 -”

341 4095 475 4163 “Herus
491 4095 637 4163 Vantine
654 4094 701 4163 rei
717 4094 847 4176 peritus
862 4095 961 4177 fuit‚”
977 4095 1080 4163 herus
1106 4091 1259 4162 Armand

257 4196 464 4277 compositus
481 4195 661 4277 respondit.
685 4194 793 4263 “Sunt
809 4195 899 4262 enim
916 4196 1004 4264 circa
1027 4215 1101 4262 eam
1127 4192 1261 4273 indicia,

256 4318 334 4377 oure
350 4318 450 4364 nemo
467 4296 597 4377 peritus
611 4295 853 4377 ignoraverit.”

341 4413 431 4481 “Ista
457 4435 545 4481 arcae
571 4412 720 4485 historia.
746 4411 789 4479 ab
815 4432 856 4479 eo
871 4409 1090 4490 coniectata,”
1106 4408 1259 4490 inquam,

258 4513 359 4582 “mihi
376 4513 419 4581 ad
435 4512 641 4581 credendum
655 4533 772 4581 misam
790 4511 936 4593 praebuit
950 4532 1075 4591 arcam,
1097 4530 1176 4591 quae
1197 4530 1259 4591 pro
