3128 5016
526 799 642 854 Aenus
663 799 848 852 nnnnnns
871 799 1030 852 unnnus
1218 783 1281 853 301

278 967 404 1049 quibus
420 967 518 1036 dictis
532 989 656 1036 manus
671 965 758 1036 alter
771 966 869 1035 alteri
878 966 1097 1036 tetendimus.
1110 965 1212 1037 “Ideo
1222 989 1284 1037 vos
1399 1053 1401 1057 y

278 1068 331 1137 hic
355 1067 399 1136 ad
423 1067 713 1150 congrediendum
728 1067 923 1148 convocavi,
949 1074 990 1136 ut
1016 1067 1173 1149 quadam
1194 1067 1284 1137 circa

278 1167 478 1237 adamantes
493 1167 752 1237 Michaelovitch
767 1167 905 1249 negotia
926 1167 1167 1238 dirimerentur
1182 1203 1222 1212 -
1237 1174 1283 1250 et,

279 1290 372 1349 casu,
388 1268 492 1338 etiarn
505 1268 569 1338 hac
584 1268 619 1337 in
635 1289 672 1336 re
688 1266 812 1337 merito
836 1269 971 1337 Record
993 1269 1233 1350 recolerentur,
1248 1275 1284 1338 et

279 1369 343 1437 hoc
369 1376 467 1437 tanta
491 1367 697 1450 celebritate,
723 1371 854 1450 quanta
878 1367 946 1436 iam
970 1367 1029 1437 diu
1055 1389 1124 1437 non
1139 1368 1284 1451 gloriata

282 1469 356 1537 sit.’'

365 1567 460 1650 “Ego
475 1568 613 1650 quidem
628 1590 703 1661 non
712 1568 756 1637 ad
772 1568 965 1650 augendam
981 1568 1124 1650 gloriam
1149 1569 1285 1639 Record

280 1668 348 1738 huc
362 1668 472 1750 veni,''
488 1667 678 1738 obtestatur
694 1669 840 1751 Grady.’'
852 1668 1021 1739 Diumum
1031 1669 1113 1738 illud
1128 1690 1184 1738 me
1199 1690 1285 1738 nun·

281 1790 384 1849 uuam
400 1789 442 1836 ex
458 1789 556 1850 aequo
572 1769 765 1838 tractavit.'’

365 1884 488 1954 “Modo
503 1908 571 1968 quo
586 1886 741 1955 meruisti
763 1893 798 1955 te
823 1886 1017 1968 tractavit,”
1043 1885 1171 1969 regerit
1196 1884 1285 1956 God-

280 1986 368 2067 frey.
392 1985 484 2054 “lam
501 1985 549 2054 ita
563 1995 604 2055 ut
626 1986 735 2055 sentio
761 1994 875 2056 tecum
901 1987 1030 2069 loquar,
1058 1986 1183 2068 Grady.
1208 1986 1286 2055 Tua

281 2086 349 2155 iam
364 2087 438 2154 fata
452 2093 584 2155 statuta
599 2094 689 2155 sunt.
713 2086 912 2169 Postquam
928 2087 1098 2169 effugium
1123 2086 1204 2156 illud
1229 2086 1286 2156 he·

285 2194 440 2256 stemum
456 2186 491 2254 in
506 2187 651 2268 vulgum
667 2187 841 2269 efferetur,
857 2208 900 2256 ne
916 2186 1034 2256 horam
1059 2186 1197 2270 quidem
1212 2207 1287 2269 per·

287 2286 410 2355 durare
427 2286 582 2369 poteris.''

370 2404 441 2473 “De
456 2426 497 2473 ea
511 2426 548 2472 re
564 2403 646 2472 alias
656 2402 685 2470 !”
702 2402 816 2485 Grady
833 2404 946 2484 mutit‚
970 2404 1028 2472 sed
1044 2404 1127 2473 satis
1141 2410 1216 2473 erat
1230 2424 1286 2486 pa·

284 2505 395 2574 tulum
411 2526 602 2587 pugnacem
617 2504 770 2572 animum
785 2503 831 2572 illi
848 2511 1045 2585 exemptum
1059 2526 1142 2574 esse.

367 2621 547 2691 “Relatum
564 2629 663 2690 teneo
679 2630 714 2690 te
729 2643 797 2689 non
811 2621 928 2689 sivisse
943 2628 1042 2690 nocte
1065 2621 1225 2691 hesterna
1246 2630 1287 2692 ut

284 2722 476 2792 Simmonds
500 2745 554 2791 me
581 2744 641 2805 per
667 2721 887 2804 telephonum
913 2721 1138 2794 advocaret?’'
1163 2723 1287 2806 quaerit

288 2823 450 2905 Godirey.

368 2921 533 2990 “Prorsus
547 2922 595 2990 ita
610 2957 651 2965 —
666 2922 750 2991 nihil
766 2920 856 2990 enim
871 2921 914 2990 ad
929 2928 964 2990 te
979 2922 1178 2992 attinebat.”

369 3038 547 3107 “Fortasse
563 3061 630 3106 non
647 3038 825 3107 attinebat.
849 3037 893 3107 Et
908 3045 1034 3119 tamen,
1051 3039 1078 3107 si
1100 3061 1164 3122 ego
1185 3040 1289 3109 inter·

285 3139 437 3217 fuissem,
448 3138 646 3206 scitissimus
656 3138 873 3219 Parisiorum,
886 3138 912 3207 si
922 3161 989 3208 non
1004 3139 1095 3208 orbis
1108 3148 1289 3220 terrarum,

285 3239 344 3307 iur
358 3238 392 3305 in
408 3236 560 3307 Statione
575 3238 650 3306 Viae
666 3238 849 3319 Vigesimae
870 3238 995 3306 Tertiae
1010 3239 1100 3308 intra
1115 3260 1255 3309 caveam
1269 3262 1288 3309 e

285 3338 582 3407 chromo-nicolino
598 3338 738 3420 chalybe
755 3339 882 3406 iactam
898 3360 1039 3407 securus
1054 3339 1197 3421 sederet,
1217 3340 1288 3409 loco

285 3438 389 3507 libere
403 3437 590 3520 grassandi,
605 3446 640 3506 et
655 3438 759 3507 alium
776 3438 970 3520 quempiam
985 3439 1217 3522 compilandi.’'

370 3553 445 3624 “Tu
461 3555 646 3637 nimiopere
661 3555 723 3624 tibi
738 3554 909 3636 confidis,'’
925 3555 1052 3637 regerit
1067 3556 1191 3639 Grady.
1207 3554 1256 3625 “F
1256 3578 1290 3627 a·

286 3656 348 3725 cile
363 3662 415 3724 est
431 3662 507 3737 post
522 3656 617 3723 facta
632 3656 781 3737 sapere.”

372 3771 466 3853 “Ego
482 3794 563 3840 vero
579 3779 695 3841 tecum
719 3794 788 3842 non
814 3771 1040 3855 disceptabo,''
1067 3773 1175 3842 refert
1200 3772 1290 3843 God-

288 3871 376 3954 frey.
399 3871 497 3940 “Non
513 3871 646 3955 negabo
662 3873 777 3942 furem
793 3873 920 3956 optime
936 3893 972 3941 se
988 3871 1225 3954 dissimulasse,
1240 3894 1291 3942 ra·

288 3972 415 4041 tionem
431 3994 503 4040 rem
518 3972 657 4054 gerendi
674 3974 871 4055 praeclaram
882 4008 923 4018 —
936 3971 1041 4041 nihilo
1052 3979 1167 4042 tamen
1183 3972 1291 4042 secius

289 4080 324 4141 te
340 4093 380 4141 ea
395 4072 582 4155 perspicere
598 4072 748 4142 decebat.
770 4073 886 4143 Tuum
901 4080 975 4143 erat
990 4071 1024 4142 id
1039 4072 1186 4143 videre.”
