3150 5468
698 1261 797 1316 noas
1184 1246 1246 1317 207

242 1432 275 1500 in
291 1441 464 1501 constrato
480 1432 644 1500 iacentem
669 1439 868 1500 convertere
892 1438 1013 1513 posset.
1037 1431 1247 1514 Quodgenus

242 1533 295 1600 ille
311 1533 505 1613 manipulus
521 1539 609 1599 esset
624 1531 868 1613 aliquantisper
883 1531 1036 1599 divinare
1052 1532 1245 1613 nequibam;

243 1633 388 1713 denique
404 1632 510 1699 oculis
537 1631 645 1711 magis
669 1630 809 1698 intentis
835 1631 943 1712 reperi
969 1630 1003 1698 id
1028 1653 1152 1713 corpus
1173 1653 1246 1700 esse

245 1733 388 1800 hominis
404 1741 581 1813 tamquam
599 1731 632 1798 in
649 1731 775 1798 fascem
792 1731 945 1798 involuti.

330 1849 375 1917 Ut
392 1871 473 1917 vero
488 1870 567 1916 eum
583 1847 751 1927 intuebar,
779 1847 949 1928 fulgorem
976 1848 1150 1916 oculorum
1175 1848 1246 1917 eius

246 1950 376 2031 percepi
394 1948 559 2016 intuentis
573 1948 742 2015 hominem
759 1947 817 2028 qui
844 1968 932 2014 arcae
955 1947 1167 2016 denudandae
1188 1947 1246 2016 da-

245 2050 303 2117 bat
319 2071 455 2130 operam
472 2085 511 2092 -
527 2049 707 2128 fulgorem,
723 2047 781 2129 qui
798 2069 864 2114 non
880 2047 1030 2128 dignosci
1046 2047 1137 2116 haud
1154 2055 1246 2130 pote-

247 2157 348 2217 rat-
367 2149 460 2216 illum
478 2149 588 2230 ipsum
605 2147 786 2228 fulgorem,
804 2146 862 2228 qui
877 2167 931 2215 me
947 2147 1012 2215 iam
1029 2155 1129 2217 antea
1145 2149 1246 2218 semel

245 2257 458 2317 exterruerat
476 2302 483 2315 .
501 2302 508 2314 .
526 2301 533 2314 .

331 2365 479 2446 Godfrey
494 2387 547 2432 me
564 2386 666 2432 manu
692 2363 790 2432 firma
814 2363 966 2443 revulsit,
992 2386 1175 2447 meumque
1201 2366 1248 2433 lo

246 2487 323 2532 cum
340 2465 476 2532 subivit.
501 2465 573 2545 Ego
589 2486 670 2532 vero
692 2486 745 2532 me
768 2464 810 2531 ad
836 2464 965 2545 gradus
989 2465 1108 2546 recepi,
1133 2465 1247 2547 ibique

245 2565 421 2633 considens
436 2565 585 2632 frontem
603 2585 744 2632 nervose
761 2563 925 2642 tersitavi,
941 2564 1141 2645 tentavique
1157 2565 1246 2646 cogi·

247 2674 319 2732 tare
346 2673 380 2733 et
407 2664 604 2744 intelligere.
628 2663 791 2741 ttuisnam
821 2663 875 2731 ille
898 2662 993 2730 fuit?
1026 2664 1115 2742 Quid
1138 2665 1181 2732 ibi
1204 2664 1247 2733 ad

247 2765 408 2845 parietem
425 2764 600 2844 agitabat?
622 2762 792 2841 Quidnam
808 2771 919 2830 totum
936 2762 998 2830 hoc
1015 2765 1245 2844 spectaculum

246 2864 307 2931 sibi
323 2865 456 2932 volebat
474 2918 481 2931 .
499 2919 506 2931 .
524 2864 564 2931 ,l

332 2965 431 3032 Nunc
448 2964 527 3031 mihi
545 2986 601 3031 cor
626 2963 776 3044 prosilire
791 2984 828 3030 ac
846 2962 957 3044 rumpi
984 2962 1134 3044 parabat,
1156 2965 1246 3046 quod

249 3064 398 3146 Godfrey
414 3074 490 3132 cato
506 3064 660 3145 prorupit
676 3063 806 3143 vagitu,
821 3061 928 3131 “Siste
941 3062 969 3128 !”
986 3072 1089 3145 atque
1106 3063 1139 3131 in
1154 3065 1247 3133 cubi-

247 3166 360 3232 culum
378 3165 485 3244 irruit,
501 3164 690 3233 Simmonds
706 3164 914 3244 insequente.

333 3265 418 3342 Duo,
434 3273 472 3331 ut
499 3264 662 3341 existimo,
688 3263 820 3330 minuta
842 3263 955 3343 elapsa
985 3271 1065 3329 sunt
1089 3263 1248 3332 secunda¹

249 3372 432 3445 antequam
449 3387 512 3442 ego
529 3364 628 3430 limen
652 3363 761 3442 attigi,
788 3373 822 3429 et
850 3362 912 3429 illic
937 3362 1071 3430 constiti
1097 3373 1249 3445 stupens,

250 3464 479 3544 parietemque
497 3472 534 3530 ut
552 3485 605 3529 me
623 3463 824 3529 sustinerem
841 3469 1037 3529 attrectans.

332 3564 567 3644 Spectaculum
591 3562 652 3629 hoc
669 3563 715 3629 ita
732 3562 764 3628 in
783 3561 945 3628 memoria
967 3562 1047 3629 mihi
1075 3561 1247 3644 depictum

248 3674 309 3741 est,
327 3672 364 3730 ut
381 3663 423 3729 ad
440 3685 479 3729 ea
495 3671 617 3730 cuncta
634 3660 823 3729 revocanda
838 3660 952 3729 oculos
977 3662 1075 3729 modo
1091 3663 1248 3732 claudere

249 3763 331 3830 satis
346 3763 399 3829 sit.

351 3967 371 4015 l.
391 3961 542 4013 Minutum
558 3960 729 4012 sectandum:
745 3979 776 4012 ex
802 3979 855 4026 quo
878 3962 1018 4026 horologia
1044 3962 1202 4014 mechanica
1220 3964 1249 4014 in

250 4064 326 4098 usum
341 4055 484 4104 venerunt,
502 4046 650 4096 astronomi
666 4045 760 4095 boram
774 4047 801 4095 in
817 4045 940 4104 iniurato,
963 4045 1098 4096 minutum
1125 4046 1249 4104 (subaudi

250 4132 377 4195 tempure)
390 4132 417 4181 in
433 4129 547 4179 rrrr'nuta
563 4126 689 4178 secunda
706 4129 927 4193 dispertiverunt.
945 4129 1079 4179 Minutum
1095 4129 1186 4194 itaque
1200 4130 1254 4193 pri.

250 4232 288 4270 us.
304 4215 329 4264 b.
351 4233 373 4264 c.
393 4214 587 4276 sexagesimam
608 4212 680 4262 borae
704 4220 815 4276 partem,
837 4212 984 4262 atiniarum
1003 4211 1144 4276 primum,
1169 4212 1251 4264 huius

248 4306 338 4348 autem
366 4304 467 4359 partem
495 4297 688 4357 sexagesimam
705 4295 851 4344 orinatum
865 4292 1035 4352 acciendum,
1057 4295 1100 4344 vel
1123 4310 1177 4345 uno
1195 4311 1252 4346 ver·

250 4382 290 4435 bo,
304 4378 462 4429 acciendum
479 4380 660 4443 appellarunt.
674 4379 801 4428 llomanis
815 4377 884 4428 nibil
896 4377 989 4427 borum
1004 4385 1107 4436 notum;
1127 4377 1251 4430 brevissi·

249 4479 320 4514 mum
335 4471 360 4513 ct
374 4463 507 4513 incertum
522 4470 627 4525 tempus
643 4462 692 4525 ipsi
714 4466 889 4511 atramentum
910 4459 999 4524 (quasi
1023 4459 1247 4523 movinwntum)

249 4547 386 4612 temporis.
403 4547 477 4604 item,
491 4549 633 4613 punctum
648 4544 798 4613 tenrporia,
816 4545 899 4596 ictum
913 4544 992 4602 oculi,
1007 4545 1173 4598 vocitarunt.
