3128 5016
621 817 731 870 emur
752 817 950 869 amomum
1239 800 1278 868 15

278 1008 413 1056 sursum
437 995 536 1055 erant
560 993 744 1066 contracta,
769 1006 807 1053 ac
827 985 934 1053 veluti
950 1005 1083 1066 spasmo
1098 985 1279 1062 convulsa;

278 1087 396 1156 vultus
409 1094 526 1155 autem
543 1085 717 1153 horridum
733 1085 766 1152 in
783 1085 921 1174 modum
945 1090 1019 1153 erat
1038 1091 1159 1152 torvus
1182 1085 1278 1165 quasi

278 1186 343 1256 sub
367 1194 446 1255 cute
471 1189 624 1267 purpura
648 1184 777 1254 tinctus
800 1194 900 1264 esset,
930 1183 1139 1265 sanguisque
1166 1184 1279 1253 subito

279 1287 390 1369 rigore
405 1286 627 1367 congelasset.
651 1284 747 1353 Oculi
764 1286 832 1353 iate
850 1284 1025 1366 patebant,
1053 1304 1199 1365 quorum
1224 1285 1279 1353 ob

279 1395 377 1456 tutus
392 1385 524 1468 rigidus
539 1407 607 1454 non
623 1406 746 1467 parum
761 1384 910 1454 addebat
925 1383 1046 1453 terrori
1058 1390 1163 1464 atque
1174 1383 1280 1453 dolori

279 1509 298 1555 e
314 1486 414 1554 vultu
429 1485 623 1554 manifesto.
647 1485 686 1555 In
702 1506 846 1566 summa,
862 1493 1019 1567 aspectus
1034 1483 1087 1551 hic
1104 1482 1195 1551 haud
1206 1493 1280 1554 erat

279 1595 410 1669 gratus,
438 1584 579 1668 prohinc
595 1593 673 1668 post
687 1585 828 1654 brevem
851 1606 980 1653 moram
997 1584 1111 1652 oculos
1125 1603 1192 1650 non
1209 1585 1281 1654 sine

280 1697 427 1755 tremore
442 1685 545 1754 animi
567 1685 767 1755 reluctantis
781 1685 901 1754 averti.

364 1786 573 1855 Mortuarius
588 1785 622 1854 in
639 1784 831 1855 Simmonds
848 1786 993 1867 respicit.

364 1886 495 1956 “Causa
509 1886 629 1954 mortis
644 1886 735 1955 haud
752 1887 869 1967 procul
885 1887 1100 1967 quaerenda‚'’
1124 1888 1220 1956 fatur
1245 1888 1280 1956 il-

280 1988 320 2056 le.
344 1987 493 2069 “Utique
510 1987 716 2054 venenum.”

364 2086 546 2168 “Utique”
562 2085 684 2155 annuit
699 2084 899 2155 Simmonds.

364 2187 435 2256 “At
449 2185 541 2268 quod
556 2207 667 2268 genus
676 2186 713 2254 ?”
729 2187 891 2269 quaeritat
908 2188 1071 2270 Godrrey.

365 2286 424 2355 “Id
440 2285 606 2355 examinis
621 2286 685 2353 erit
702 2286 903 2366 declarare,’'
914 2288 964 2355 ait
974 2287 1048 2367 ille;
1065 2297 1140 2356 tum
1155 2290 1280 2358 iterum

151 2442 153 2446 Α
282 2387 446 2470 proclinat
461 2387 504 2455 ad
520 2385 656 2455 vultum
673 2394 811 2454 torvum
828 2387 955 2455 mortui
967 2388 1078 2469 paullo
1090 2389 1283 2458 accuratius

281 2485 536 2569 inspiciendum.

365 2585 481 2654 “Licet
497 2585 580 2653 mihi
596 2607 746 2654 asserere
769 2586 890 2654 indicia
916 2587 1008 2655 haud
1034 2609 1106 2655 esse
1133 2610 1283 2657 commu·

281 2687 370 2755 ma.''

369 2785 521 2868 Godrrey
536 2786 698 2855 humeros
713 2786 876 2855 motabat.

366 2886 561 2968 “Numquis
576 2885 674 2954 aliter
689 2888 838 2955 asseruit
847 2886 883 2954 ?’'
901 2887 1009 2954 refert
1032 2886 1114 2969 ipse,
1143 2910 1212 2968 quo
1245 2889 1282 2955 fa

282 2996 347 3067 cto,
364 2986 406 3054 ad
423 2985 669 3068 dispiciendum
683 2987 718 3055 in
734 2986 888 3055 conclavi
904 3008 940 3055 se
955 2986 1136 3055 convertit.

367 3085 478 3168 “Quid
494 3094 545 3167 tu,
562 3086 653 3154 Here
668 3086 797 3166 Lester,
821 3107 925 3168 super
940 3086 1003 3154 hac
1020 3108 1056 3154 re
1072 3086 1177 3154 habes
1192 3087 1282 3168 quod

282 3185 419 3255 dicas?''
436 3187 599 3268 quaeritat
615 3185 836 3268 Goidberger.

366 3286 452 3368 Quae
481 3287 563 3355 scivi
593 3294 716 3355 cuncta
747 3286 910 3355 edisserui
933 3287 1284 3368 -quemadmodum

283 3385 390 3454 Parks
420 3385 610 3455 adventum
641 3386 811 3468 peregrini
842 3385 1008 3467 retulerit,
1035 3387 1093 3468 qui
1119 3408 1184 3469 ego
1204 3408 1284 3456 cum

283 3486 430 3556 Vantine
445 3485 689 3568 descenderim,
716 3488 773 3569 qui
799 3486 946 3555 Vantine
970 3507 1025 3555 me
1050 3487 1285 3570 appellaverit-

283 3609 333 3668 ac,
349 3595 531 3670 postremo,
558 3587 617 3668 qui
645 3586 752 3654 Parks
777 3586 924 3655 cadaver
950 3585 1039 3656 idem
1054 3609 1133 3656 cum
1150 3587 1284 3657 advena

283 3709 355 3756 esse
371 3687 605 3756 declaraverit.

367 3787 494 3856 “Estne
521 3786 708 3869 quidquam
735 3787 826 3870 quod
853 3788 916 3856 hac
941 3787 984 3855 de
1011 3808 1047 3856 re
1069 3788 1238 3856 coniectes
1247 3788 1285 3857 ?”

283 3887 407 3969 quaerit
423 3886 644 3969 Goldberger.

367 3987 481 4055 “Nihil
497 3985 561 4055 nisi
577 3985 669 4069 quod
684 4008 823 4055 causam
839 3986 906 4055 huc
921 3987 1079 4055 veniendi
1090 3986 1286 4056 simulatam

283 4095 400 4168 putem
418 4123 457 4130 -
471 4107 594 4169 nempe
610 4085 701 4156 hunc
716 4086 937 4169 peregrinum
952 4093 1069 4155 tutum
1086 4084 1287 4168 quaesivisse
