3128 5016
608 810 745 865 nuum
766 810 805 862 nr
825 808 942 863 causa
1234 791 1276 861 61

279 981 348 1051 bat.
370 979 502 1049 Herum
517 979 664 1049 Vantine
679 977 796 1060 paucis
810 977 955 1046 volebat.
993 978 1100 1048 Docui
1122 999 1198 1047 eam
1221 977 1279 1045 he-

280 1103 358 1151 rum
383 1080 532 1150 Vantine
556 1078 701 1162 negotiis
722 1078 876 1148 detineri.
911 1079 1002 1148 Tum
1026 1077 1152 1160 aliquid
1177 1075 1279 1147 celeri

280 1182 398 1265 lingua
411 1181 454 1250 de
469 1180 669 1249 necessitate
695 1178 873 1248 dictitabat
897 1177 1019 1248 herum
1041 1177 1187 1248 Vantine
1202 1199 1280 1246 con·

279 1281 448 1363 veniendi,
462 1281 594 1350 interea
608 1287 724 1349 tamen
747 1301 814 1348 non
838 1279 985 1349 cessavit
1008 1301 1044 1348 se
1066 1300 1128 1361 per
1153 1278 1279 1347 ostium

280 1405 334 1453 me
349 1382 458 1452 invito
472 1381 654 1462 insinuare,
669 1380 775 1450 donec
791 1387 932 1462 stupens
952 1379 1178 1449 animadverti
1204 1399 1279 1447 eam

279 1483 347 1553 iam
360 1482 452 1552 intra
462 1481 670 1551 vestibulum
685 1502 768 1562 esse,
789 1502 896 1563 quum
920 1480 1059 1549 demum
1083 1502 1153 1549 uno
1178 1480 1279 1561 pulsu

280 1585 427 1654 valvam¹
445 1582 529 1653 mihi
553 1582 688 1666 eripuit,
714 1604 858 1664 eamque
880 1581 1012 1651 clausit.
1048 1582 1153 1662 Num,
1177 1580 1279 1661 Here,

278 1685 370 1754 hunc
385 1683 509 1768 agendi
524 1683 664 1753 modum
679 1690 844 1752 matronae
859 1704 932 1752 esse
945 1682 1160 1752 arbitraris?”

363 1783 523 1854 “Minime
534 1783 692 1866 equidem
706 1784 756 1853 ita
769 1783 943 1865 dixerim,”
958 1782 1144 1853 assentitur
1154 1781 1278 1864 Grady.

277 1883 437 1967 “Verum,
451 1905 566 1967 perge,
581 1884 732 1967 scitoque
746 1891 881 1966 tempus
895 1906 957 1953 nos
971 1905 1039 1952 non
1054 1882 1209 1965 urgere.’'

363 1986 493 2067 Rogers
508 1985 644 2054 interim
659 1984 693 2053 in
710 2007 773 2054 sua
793 1984 903 2066 rediit,
919 1991 954 2054 et
968 1984 1036 2054 iam
1050 1984 1125 2053 fere
1140 1981 1279 2051 volubili

279 2107 435 2154 sermone
450 2084 645 2154 disserebat.

352 2183 371 2212 “
387 2183 557 2267 ‘Attende
567 2206 658 2267 rogo,
670 2206 746 2253 mea
760 2186 935 2266 matrona,’
947 2185 1097 2267 inquam,
1113 2182 1205 2253 ‘satis
1219 2205 1281 2253 nos

279 2285 333 2354 hic
361 2284 553 2354 discrimine
588 2284 687 2354 hodie
715 2285 868 2354 distracti
899 2307 1035 2354 eramus
1064 2284 1280 2366 Franciculis,

278 2386 376 2468 proin
392 2385 501 2454 sinon
517 2385 697 2455 confestim
713 2393 748 2454 te
763 2385 841 2455 hinc
856 2387 994 2455 auferes
1010 2392 1139 2468 pacate,
1151 2385 1218 2454 iam
1229 2386 1281 2453 fa·

278 2507 323 2554 xo
338 2491 378 2554 ut
394 2485 548 2555 eiiciare.'

363 2583 383 2612 ‘⁴
399 2583 554 2667 ‘Oportet
568 2607 622 2654 me
638 2584 755 2654 herom
772 2585 943 2668 Vangtine
958 2585 1159 2667 convenire,'
1175 2585 1281 2654 instat

278 2684 335 2754 illa
349 2685 449 2754 celeri
464 2684 591 2767 lingua.
618 2684 755 2754 ‘Herom
770 2686 942 2768 Vangtine
957 2685 1145 2755 necessario
1160 2707 1281 2755 conve

278 2783 352 2853 nire
368 2782 483 2853 debeo.
506 2784 652 2854 Omnino
668 2807 748 2854 eum
763 2785 945 2855 convenire
960 2785 1087 2856 debeo!

363 2882 383 2911 “
399 2882 483 2966 ‘Ego
498 2906 580 2954 vero
596 2892 630 2954 te
646 2885 724 2954 hinc
738 2885 926 2955 necessario
952 2886 1107 2968 exigam,'
1133 2885 1201 2954 dixi
1223 2885 1279 2969 illi,

279 2983 524 3066 brachiumque
540 2984 614 3054 eius
628 2985 802 3068 prehendi.
835 2985 890 3054 Ad
905 2985 978 3054 haec
992 2985 1066 3068 ipsa
1079 2986 1216 3068 eiulare,
1231 3008 1281 3055 se·

279 3105 347 3166 que
362 3083 444 3152 mihi
461 3106 480 3153 e
494 3085 652 3154 manibus
666 3086 795 3168 eripere
816 3086 938 3168 coepit;
975 3086 1032 3154 sed
1049 3108 1113 3168 ego
1129 3108 1205 3155 eam
1220 3086 1280 3155 ite-

278 3205 356 3252 rum
382 3183 555 3266 prehendi,
580 3185 638 3254 sed
663 3185 782 3254 eodem
807 3193 980 3254 momento
1003 3186 1107 3255 herus
1131 3187 1279 3256 Vantine

280 3283 400 3365 pandit
415 3284 517 3366 iores,
533 3292 568 3354 et
583 3284 617 3353 in
633 3285 800 3355 ambitum
814 3308 971 3368 egressus
987 3293 1048 3355 est.

362 3381 381 3410 “
397 3382 497 3466 ‘Quid
512 3383 585 3453 haec
600 3387 714 3454 omnia
729 3385 791 3454 sibi
806 3385 938 3468 volunt,
961 3386 1124 3468 Rogersi'
1157 3387 1279 3470 quaerit

277 3481 389 3551 herus.
412 3481 512 3567 ‘Quid
528 3484 680 3554 mulieris
694 3485 760 3554 ista
773 3486 857 3555 est't'

362 3581 586 3667 “Priusquam
602 3591 717 3654 tamen
733 3607 797 3667 ego
813 3585 1014 3668 respondere
1030 3593 1193 3669 poteram,
1204 3587 1280 3656 fera

278 3681 335 3750 illa
350 3683 427 3751 felis
441 3683 509 3752 iam
524 3683 567 3753 ad
583 3706 663 3753 eum
677 3685 880 3768 convolavit,
907 3686 1112 3768 longamque
1137 3687 1279 3769 loquelae

277 3781 305 3850 F
305 3781 448 3852 rancicae
463 3783 652 3853 scatebram
667 3785 875 3867 profundere
887 3785 999 3868 coepit,
1011 3792 1051 3854 ut
1066 3785 1209 3856 mirarer
1219 3788 1278 3869 qui

379 4016 402 4068 1.
420 4015 497 4068 Ostia
511 4016 619 4082 (porta,
639 4017 742 4081 ianuae)
767 4035 965 4086 nonnunquam
990 4038 1005 4074 e
1029 4022 1134 4076 duobus
1158 4022 1279 4076 dimidiis

277 4102 422 4160 constant;
440 4105 584 4166 utrumque
597 4101 740 4154 dimidium
753 4109 866 4156 vocatur
878 4103 974 4159 volva.
