3150 5468
387 1296 555 1354 ooomsr
570 1296 744 1354 nioman
759 1294 940 1352 morrona
954 1295 1060 1351 rnxrr
1164 1275 1226 1348 231

226 1465 316 1536 mine
330 1466 477 1537 credere.
500 1465 627 1537 “Novit
642 1466 789 1538 fortasse
810 1488 871 1551 per
893 1473 1006 1538 toturn
1032 1464 1067 1535 id
1091 1471 1228 1548 tempus

225 1587 287 1635 nos
300 1566 449 1637 adesse.''

308 1665 459 1737 “Praeter
474 1688 574 1737 omne
588 1667 762 1750 dubium,”
777 1666 962 1737 assentitur
973 1665 1125 1748 Godfrey
1136 1685 1228 1734 ama·

225 1788 272 1838 re.
295 1765 429 1848 “Quare
444 1768 591 1851 alioquin
607 1789 701 1838 serra
716 1767 863 1838 recidiva
884 1767 919 1836 in
943 1767 1046 1836 ianua
1061 1772 1150 1837 esset
1171 1786 1228 1834 ex·

224 1869 353 1938 terius?
388 1870 499 1949 Quam
524 1889 580 1938 me
605 1868 713 1952 pudet
738 1868 802 1938 hoc
825 1889 881 1937 me
906 1889 974 1936 non
998 1864 1228 1950 perspexisse!

224 1969 289 2050 Qui
305 1975 458 2051 poteram
474 1976 545 2038 tam
561 1969 691 2038 stultus
704 1968 786 2037 mihi
802 1989 882 2037 eum
898 1967 933 2036 in
956 1967 1021 2036 viis
1043 1966 1118 2036 Neo
1141 1965 1227 2034 Ebo

223 2069 301 2150 raci,
316 2089 353 2137 se
367 2066 495 2150 ignaro,
510 2068 665 2138 insectari
682 2089 778 2152 posse
794 2067 1020 2151 persuadere?
1049 2066 1125 2149 Ipse
1148 2064 1226 2136 inde

222 2169 266 2238 ab
281 2169 377 2238 initio
390 2168 486 2238 novit
499 2169 660 2238 futurum
675 2176 716 2238 ut
730 2190 793 2238 nos
813 2189 893 2238 eum
915 2166 1115 2238 insectaturi
1139 2187 1227 2236 esse·

223 2290 302 2338 mus
316 2291 383 2337 non
400 2269 606 2352 imparatum
617 2268 646 2336 Ρ*

307 2368 375 2437 “At
390 2368 463 2438 haec
478 2368 684 2438 incredibilia
705 2368 866 2438 ridentur
878 2367 907 2436 !'‘
930 2366 1049 2438 timide
1075 2366 1227 2438 obtestor

222 2490 297 2550 ego.
319 2467 458 2538 “Fidem
474 2491 613 2552 prorsus
634 2469 767 2538 excedit
777 2468 806 2536 !‘'

306 2567 419 2637 “Nihil
434 2568 465 2638 ei
480 2569 577 2638 factu
593 2568 785 2638 incrcdibile
809 2567 852 2638 de
875 2590 916 2639 eo
938 2567 1186 2638 existimaveris
1195 2565 1224 2634 !”

304 2667 392 2739 “Sed
407 2668 600 2738 discrimina
616 2674 794 2751 -reputa
810 2669 911 2738 modo
927 2668 1122 2738 discrimina
1145 2688 1224 2750 quae

222 2770 251 2838 is
265 2769 484 2838 incurreret.“

306 2868 416 2948 “Quid
432 2869 503 2951 ipse
519 2868 712 2938 discrimina
726 2877 825 2940 curat
838 2872 851 2932 i
875 2870 907 2938 Is
922 2891 962 2938 ea
977 2867 1165 2938 contemnit
1181 2902 1222 2913 -

219 2977 255 3039 et
270 2968 368 3038 iuste.
391 2968 512 3038 Nonne
528 2969 693 3051 effugat’

303 3069 469 3149 “Etiam”
485 3090 609 3151 annuo,
626 3069 786 3154 “pulchre
803 3069 928 3152 effugit
949 3075 1073 3152 praeter
1088 3067 1223 3137 dubita·

221 3170 381 3239 tionem.”

304 3269 417 3352 “Ergo
431 3269 504 3340 baec
519 3278 572 3340 est
587 3271 685 3340 istius
708 3270 947 3354 pomeridiana
970 3268 1148 3352 tragoediae
1174 3267 1223 3337 hi·

220 3370 334 3452 storia,
350 3379 391 3439 ut
407 3392 472 3453 ego
488 3370 625 3454 quidem
651 3371 801 3454 opinor,”
828 3368 1045 3453 prosequitur
1071 3369 1223 3451 Godfrey

220 3471 328 3554 magis
342 3471 557 3553 compositus.
574 3471 696 3540 “Nunc
712 3479 827 3540 autem
843 3470 921 3539 hinc
933 3491 988 3538 me
1002 3469 1170 3551 auferam,
1181 3475 1222 3538 ut

220 3592 274 3641 res
289 3579 326 3639 tu
343 3579 457 3640 tecum
474 3580 633 3653 reputare
658 3571 771 3653 possis.
804 3570 838 3640 Si
864 3569 993 3639 eaedem
1019 3569 1081 3639 sibi
1106 3569 1221 3639 minus

219 3671 414 3752 consistant,
428 3694 483 3740 me
499 3671 642 3741 docebis.
666 3672 712 3739 At
726 3693 808 3740 vero
821 3671 882 3740 sibi
898 3669 1083 3740 consistent
1108 3703 1150 3716 -
1171 3669 1220 3738 ita

219 3771 344 3840 debent
360 3806 400 3816 -·
415 3779 496 3840 sunt
512 3771 602 3840 enirn
618 3792 709 3840 verae
719 3770 748 3838 !”

301 3870 386 3940 “Sed
403 3871 484 3954 quid
496 3871 538 3940 de
550 3870 743 3940 Annand?”
758 3869 910 3940 obtestor
921 3891 995 3953 ego.
1017 3867 1216 3952 “Numquid

216 3992 337 4054 capere
351 3992 431 4040 eum
447 3993 513 4039 non
529 3970 697 4040 tentabis?
719 3971 817 4039 Anne
832 3991 911 4040 eum
926 3969 1071 4039 evadere
1087 3969 1217 4039 sinesY‘

301 4069 398 4153 “Ipse
414 4093 496 4139 vero
511 4092 578 4139 non
594 4070 717 4140 evadet
729 4070 758 4138 !”
780 4071 828 4139 ait
854 4070 1004 4152 Godirey
1030 4069 1133 4140 oculis
1158 4069 1218 4138 ite·

217 4192 293 4240 rum
309 4170 541 4239 emicantibus
564 4170 676 4239 “Nihil
698 4170 866 4252 oportebit
882 4191 944 4238 nos
958 4192 1036 4238 eum
1053 4190 1216 4252 quaerere;

217 4269 381 4339 habemus
396 4270 485 4338 enim
502 4269 707 4339 tendiculam
722 4279 883 4351 nostram,
895 4270 1022 4348 Lester,
1033 4269 1131 4338 cuius
1141 4289 1217 4337 esca

216 4369 293 4438 talis
307 4378 369 4449 est,
386 4379 425 4438 ut
441 4369 470 4438 ei
488 4369 643 4438 resistere
659 4378 806 4451 nequeat
823 4405 862 4414 -
878 4390 990 4437 arcam
1008 4367 1153 4437 Boule!“

299 4469 366 4537 “At
382 4469 452 4551 ipse
468 4469 563 4538 novit
578 4469 782 4538 tendiculam
798 4491 873 4538 eam
889 4469 992 4537 esse.”

299 4569 418 4653 “Sane
432 4591 536 4654 quam
551 4569 696 4640 maxime
707 4569 736 4638 !”
