3128 5016
322 728 385 796 136
582 743 791 797 normarum
814 744 920 798 nuce
942 737 1061 798 nouus

322 917 374 990 et;
390 916 556 979 ettamen
572 911 697 993 quibus
710 911 853 994 contigit
868 912 1030 982 adversas
1044 911 1105 981 sibi
1122 916 1237 994 partes
1247 929 1327 978 eum

323 1011 422 1092 tueri,
439 1019 515 1093 post
530 1011 621 1080 haud
638 1013 784 1080 multum
799 1013 961 1094 temporis
986 1019 1165 1082 senserunt
1190 1009 1255 1080 sub
1278 1008 1328 1078 in·

323 1111 470 1179 volucris
484 1111 640 1180 mollibus
655 1111 798 1194 byssinis
814 1134 969 1195 pugnum
994 1112 1141 1182 maxime
1166 1109 1327 1179 formida·

323 1211 424 1279 bilem
441 1211 618 1280 loricatum
634 1212 840 1280 delitescere.
864 1213 902 1280 ln
918 1235 1062 1294 summa,
1077 1213 1148 1295 ipse
1173 1209 1228 1278 vir
1252 1215 1326 1278 erat

322 1311 414 1380 omni
438 1334 580 1380 numero
604 1312 775 1392 mirabilis,
798 1313 857 1394 qui
881 1313 907 1381 si
934 1312 1126 1395 permoveri
1152 1317 1269 1393 posset
1284 1316 1325 1378 ut

323 1413 584 1480 commentarios
607 1413 688 1480 vitae
716 1421 802 1481 actae
827 1413 1052 1482 scriberet-
1078 1410 1169 1495 quod
1185 1409 1324 1493 quidem

324 1520 421 1580 extra
437 1512 560 1580 limites
575 1534 689 1580 rerum
706 1513 913 1595 possibilium
936 1513 1084 1595 positum
1100 1519 1153 1582 est
1170 1547 1208 1556 -
1224 1511 1325 1580 lecto

325 1612 419 1681 ribus
433 1612 565 1680 delitias
590 1613 781 1695 praeberent
805 1635 887 1682 vere
912 1613 1079 1682 mirificas.
1113 1611 1195 1682 Mihi
1222 1618 1325 1680 antea

324 1734 501 1795 nunquam
515 1714 658 1794 contigit
673 1714 745 1781 sive
761 1714 931 1795 privatim,
953 1714 1025 1782 sive
1051 1735 1111 1796 per
1136 1711 1324 1796 negotium,

325 1834 405 1882 eum
431 1813 638 1894 convenisse,
666 1814 805 1896 proinde
830 1836 907 1882 cum
934 1813 1098 1882 aviditate
1122 1811 1270 1896 quadam
1285 1832 1324 1881 ac

324 1915 394 1983 zelo
416 1914 632 1982 ministellum
655 1915 726 1982 sine
749 1936 843 1982 mora
864 1915 899 1982 in
921 1913 1089 1982 officinam
1110 1934 1221 1982 meam
1243 1932 1324 1981 eum

324 2015 469 2082 invitare
485 2014 576 2082 iussi.

408 2114 655 2182 Verumtamen
672 2114 819 2183 Serenus
833 2114 1056 2183 Homblower
1080 2121 1220 2198 aspectu
1242 2111 1325 2184 nibil

326 2214 448 2284 horum
463 2215 618 2298 prodidit.
630 2215 734 2284 Fama
743 2217 817 2285 eius
827 2216 925 2284 facile
937 2216 1100 2285 suscitare
1110 2222 1244 2299 poterat
1258 2217 1328 2300 opi·

325 2317 459 2384 nionem
479 2316 709 2384 alicuiusmodi
728 2316 872 2384 bominis
889 2316 989 2384 medii
1012 2315 1219 2386 interUn'ah
1230 2315 1327 2401 Heep

324 2425 429 2499 atque
445 2416 605 2485 Sherlock
620 2416 768 2496 Holmes,
783 2417 880 2498 atqui
905 2416 1008 2486 huius
1023 2417 1057 2485 in
1072 2425 1213 2500 aspectu
1238 2417 1324 2487 nihil

324 2516 576 2595 dissimulantis,
592 2517 675 2584 nihil
690 2517 915 2585 insimulantis
940 2517 1206 2587 discernebatur.
1233 2517 1323 2601 Quin

325 2616 378 2684 vir
403 2617 473 2699 ipse
499 2624 573 2684 erat
598 2616 718 2684 mediae
744 2617 865 2696 aetatis,
892 2617 980 2685 bono
1001 2617 1115 2686 animo
1136 2618 1324 2701 vigoreque

326 2725 479 2798 turgens,
506 2717 618 2798 paullo
642 2717 880 2798 corpulentior,
904 2717 1004 2785 vultu
1029 2725 1156 2800 vegeto
1177 2739 1217 2787 ac
1238 2737 1324 2799 raso,

324 2816 429 2885 oculis
444 2816 628 2884 admodum
643 2816 760 2896 caesiis,
775 2816 981 2899 caeteroquin
997 2816 1084 2886 bene
1099 2825 1228 2900 pastus,
1238 2838 1326 2887 mor·

325 2915 486 2998 sibosque
502 2916 626 2984 mentis
641 2917 719 2983 mali
735 2917 877 2984 consciae
893 2917 1034 2986 solutus.
1064 2915 1098 2985 Si
1113 2917 1159 2987 illi
1174 2917 1209 2986 in
1226 2917 1324 2987 Lata·

326 3016 382 3084 via
397 3016 532 3084 obviam
548 3017 662 3084 factus
679 3016 831 3096 fuissem,
846 3038 925 3085 eum
949 3038 1010 3099 pro
1024 3017 1138 3099 mimo,
1162 3018 1218 3087 vel
1240 3017 1324 3087 bist·

325 3116 417 3184 rione
434 3116 542 3198 perito
557 3139 595 3184 ac
612 3124 747 3184 maturo
763 3115 968 3185 habuissem.
984 3116 1121 3199 Aliquid
1137 3117 1172 3186 in
1187 3117 1262 3186 eius
1276 3117 1325 3186 in·

325 3216 415 3285 tuitu
434 3215 613 3297 losepbum
628 3215 796 3284 Jefferson
814 3216 847 3283 in
864 3216 1060 3285 memoriam
1072 3216 1265 3300 aspicientis
1276 3238 1325 3287 re·

324 3317 467 3386 vocabat
485 3353 520 3359 -
540 3317 684 3384 fortasse
700 3316 779 3383 clari
796 3324 830 3384 et
845 3316 934 3384 caesii
950 3316 1024 3385 eius
1039 3315 1136 3386 oculi.
1163 3316 1232 3386 Iste
1252 3315 1325 3400 ipse

324 3424 481 3498 aspectus
497 3416 530 3483 in
546 3438 649 3484 causa
673 3437 745 3483 esse
770 3424 904 3498 poterat
929 3437 1008 3484 cum
1023 3415 1134 3485 indole
1155 3423 1275 3500 aperta
1288 3424 1325 3487 et

324 3515 442 3584 audaci
459 3539 564 3598 quare
581 3517 614 3583 in
631 3516 700 3584 suis
715 3516 836 3597 coeptis
850 3523 947 3583 tanto
961 3537 1120 3585 successu
1136 3515 1281 3586 floreret

408 3617 566 3684 Manibus
596 3617 686 3684 ultro
715 3617 869 3697 citroque
899 3616 1073 3697 porrectis,
1105 3615 1185 3685 sede
1212 3624 1324 3700 capta,

324 3717 480 3798 protinus
496 3717 528 3784 in
545 3717 673 3784 medias
688 3738 752 3795 res,
768 3716 811 3784 ob
827 3738 913 3796 quas
926 3723 1078 3796 venerat,
1095 3715 1237 3799 pedibus
1251 3716 1324 3786 ivit

323 3815 355 3886 si
372 3839 474 3895 nunc,
488 3817 545 3885 ubi
563 3817 628 3884 iam
646 3824 856 3898 perspectam
873 3816 981 3883 babeo
1007 3815 1186 3887 delicatam
1203 3816 1251 3886 rei
1267 3838 1326 3887 na·

323 3926 447 3997 turam,
464 3918 549 3985 banc
567 3940 637 3985 rem
654 3939 786 3984 mecum
804 3925 935 3997 reputo,
959 3916 1062 3985 etiam
1087 3917 1197 4000 magis
1220 3917 1326 3987 admi·

323 4040 378 4086 ror
394 4027 552 4100 paratum
569 4019 793 4100 patulumque
815 4017 889 4084 eius
912 4018 1083 4098 animum;
1114 4039 1183 4100 quo
1208 4025 1324 4089 tamen
