3128 5016
508 838 702 894 cnocumo
723 838 907 895 smmouu
929 838 1066 893 sonum
1215 820 1278 891 313

364 1007 551 1091 Repertum
566 1030 649 1077 vero
664 1015 717 1077 est
737 1007 889 1077 chartam
905 1029 973 1076 non
996 1007 1096 1076 modo
1119 1005 1282 1089 apocham

281 1106 398 1189 fuisse,
423 1108 482 1177 sed
513 1108 649 1190 plenam
674 1108 904 1177 narrationem
915 1106 1148 1189 singularium,
1159 1127 1222 1175 nec
1232 1126 1284 1175 ce·

282 1206 365 1276 lavit
380 1207 567 1290 quidquam
583 1229 625 1276 ex
640 1207 821 1277 eventibus
835 1208 923 1277 circa
937 1207 1083 1288 furtum,
1094 1206 1282 1288 meritaque

282 1308 416 1376 Record
432 1307 520 1376 circa
541 1314 692 1390 repertos
715 1315 819 1390 atque
843 1314 1060 1389 recuperatos
1076 1306 1283 1375 adamantes.

282 1406 407 1475 Vultus
423 1406 537 1489 Grady
552 1406 688 1476 interim
704 1406 813 1489 magis
827 1406 1004 1489 magisque
1021 1404 1198 1475 rubescere
1217 1426 1284 1474 coe·

281 1505 331 1588 pit
346 1506 429 1575 dum
444 1506 689 1576 documentum
712 1507 970 1590 praelegebatur.

365 1605 460 1688 “Ego
475 1628 557 1676 vero
582 1606 814 1676 testimonium
840 1606 985 1689 idgenus
1006 1626 1183 1688 nunquam
1207 1603 1285 1675 sub

281 1705 455 1787 scribam‚”
471 1707 660 1776 obblaterat
676 1705 800 1789 Grady.
817 1705 941 1775 “Nullo
964 1726 1103 1788 prorsus
1126 1712 1225 1788 pacto
1249 1703 1283 1773 id

282 1805 457 1887 patrabo!”

365 1904 432 1974 “At
447 1928 530 1975 vero
545 1914 595 1988 tu,
611 1906 657 1975 mi
673 1906 763 1976 Here
779 1905 890 1989 Pigot,
901 1926 1014 1974 nonne
1026 1903 1282 1987 subsignabisl”

282 2006 405 2088 quaerit
421 2006 582 2090 Godfrey.
1131 2074 1134 2079 .

369 2106 551 2175 “Libenter
561 2107 749 2189 equidem,”
762 2105 942 2189 respondet
951 2105 1112 2187 Francus,
1122 2103 1183 2175 “eo
1192 2104 1283 2175 enim

281 2228 334 2276 res
348 2228 369 2276 a
384 2214 419 2275 te
434 2206 520 2276 bene
541 2214 658 2289 gestae,
680 2214 715 2276 et
737 2207 822 2276 bene
845 2206 887 2276 de
910 2206 1093 2289 Republica
1113 2214 1148 2275 te
1170 2228 1282 2275 meru·

282 2306 346 2375 isse
361 2306 588 2388 agnoscitur?
604 2328 672 2388 quo
688 2306 777 2375 dicto
792 2307 827 2375 in
843 2306 993 2376 medium
1015 2327 1214 2389 progressus
1227 2327 1285 2375 no·

282 2428 359 2475 men
376 2428 454 2474 cum
470 2406 637 2475 coronidel
653 2406 876 2489 subsignavit.

366 2505 458 2575 “lam
474 2506 573 2576 modo
589 2514 638 2587 tu,
653 2506 874 2588 Simmonds‚'’
890 2506 1010 2577 suadet
1026 2506 1186 2589 Godlrey.

366 2606 478 2676 “Cave
487 2606 639 2689 feceris,’'
651 2607 892 2690 interloquitur
908 2607 1032 2689 Grady.
1044 2606 1133 2676 “Fac
1147 2628 1287 2676 maneas

282 2706 328 2775 ibi
343 2706 402 2775 ubi
413 2729 458 2787 es,
469 2706 669 2776 Simmonds
680 2707 846 2776 Prohibeo
862 2707 924 2776 tibi
939 2706 1122 2789 quominus
1131 2707 1165 2776 id
1180 2706 1287 2777 subsi-

282 2828 376 2889 gnes.
393 2806 588 2875 blemineris
602 2829 656 2875 me
672 2806 734 2875 tibi
749 2807 858 2875 officio
872 2807 1066 2889 praestare.”

367 2906 466 2975 “Noli
486 2907 632 2988 credere,
659 2906 881 2987 Simmonds‚”
907 2906 1021 2988 quiete
1047 2906 1287 2990 interloquitur

284 3007 443 3089 Godlrey.
457 3006 579 3075 “Horae
588 3014 648 3075 aut
657 3006 764 3088 pluris
779 3006 887 3089 spatio
903 3007 973 3089 ipse
989 3006 1138 3075 officialis
1148 3028 1221 3076 esse
1229 3007 1285 3077 de·

283 3107 369 3175 siit.’'

367 3208 481 3289 Grady
507 3207 541 3275 in
568 3207 670 3289 pedes
693 3207 846 3287 consiliit‚
873 3207 1045 3289 oculisque
1070 3205 1288 3275 inflammatis

284 3330 404 3376 versus
420 3307 569 3389 Godfrey
585 3307 702 3375 itabat.

367 3407 477 3487 “Quid
493 3407 554 3476 tibi
570 3408 604 3475 in
620 3408 732 3476 animo
748 3416 799 3477 est
814 3407 956 3477 innuere
966 3406 1003 3476 ?’'
1026 3406 1159 3477 boabat.

385 3628 407 3677 l.
423 3624 555 3683 Coronis,
574 3623 654 3685 odia,
670 3626 699 3677 f.:
713 3627 796 3679 moris
808 3626 945 3692 quondam
959 3626 1022 3687 fuit,
1036 3632 1064 3679 et
1077 3642 1162 3692 usque
1174 3626 1288 3678 estsere

283 3710 354 3775 apud
368 3710 476 3767 multos.
489 3718 549 3774 post
564 3726 662 3761 nomeu
678 3710 860 3775 subscriptum
875 3710 982 3761 litteras
995 3710 1113 3761 adiicere
1124 3724 1163 3761 m.
1177 3724 1220 3775 p..
1235 3724 1291 3761 mn·

285 3809 321 3844 nu
335 3792 450 3858 propria,
464 3793 504 3844 ita
518 3810 587 3857 sape
600 3793 729 3844 affectata
741 3800 769 3844 et
781 3794 935 3858 depravata,
948 3800 979 3845 ut
992 3793 1046 3844 iam
1062 3808 1116 3844 nou
1130 3792 1230 3845 litterae
1241 3790 1288 3844 sed

283 3876 500 3933 confusaelineae,
511 3892 635 3942 vanaque
645 3877 779 3928 linearum
791 3884 952 3929 ornamenta
961 3894 1020 3929 esse
1033 3876 1199 3935 viderentur,
1210 3876 1289 3927 cuius

284 3961 322 4012 rei
335 3959 453 4024 vestigia
468 3967 619 4024 supersunt,
631 3976 794 4026 quamquam
806 3960 852 4026 qui
863 3960 890 4011 id
901 3960 1017 4019 faciunt,
1034 3959 1160 4011 nesciunt
1172 3959 1237 4025 quid
1250 3958 1290 4010 la·

285 4045 369 4099 ciant.
387 4043 460 4095 Idem
475 4044 569 4095 evenit
583 4043 615 4094 de
628 4044 709 4095 verbo
721 4042 818 4103 Finis,
836 4060 869 4095 ex
882 4059 934 4110 quo
948 4060 1062 4095 coronas
1073 4048 1101 4095 et
1114 4042 1230 4095 corollas
1243 4042 1291 4093 fin.

285 4134 392 4180 xerunt.
