3150 5468
508 1253 685 1325 ancauuu
707 1268 839 1324 maucr
860 1270 985 1325 ravon
1187 1251 1249 1323 159

328 1438 378 1508 Ea
403 1437 630 1522 “prosequere
640 1437 669 1506 !”
691 1437 823 1520 inquit;
853 1436 976 1508 “narra
1004 1436 1170 1521 quidquid
1203 1438 1246 1508 ad

243 1538 452 1609 namandum
468 1538 625 1608 habeas.”

329 1656 439 1725 “Novi
455 1656 580 1726 scilicet
596 1656 722 1726 Heram
738 1677 875 1739 quoque
892 1710 899 1724 .
917 1710 924 1724 .
942 1657 971 1724 .’'

329 1757 458 1826 lterum
472 1756 634 1826 substitit.
658 1757 797 1826 Interim
813 1779 879 1839 ego
893 1756 936 1825 ad
962 1756 1147 1825 fenestram
1174 1778 1248 1840 per·

245 1856 427 1937 ambulavi,
457 1856 582 1939 ibique,
603 1856 702 1926 valde
729 1863 929 1939 commotus,
954 1857 1070 1926 lorum
1094 1857 1247 1939 ligneum

246 1964 403 2040 spectans
417 1956 506 2026 steti.

330 2073 460 2144 “Eccur
474 2074 585 2144 nonl”
607 2074 765 2157 quaesivit
780 2096 910 2158 aspere,
932 2096 997 2157 ego
1019 2081 1137 2144 autem
1163 2075 1246 2144 scire

247 2174 411 2259 putabam
425 2196 501 2244 eam
518 2197 638 2243 revera
653 2182 791 2257 tergum
813 2197 928 2244 meum
952 2174 1086 2258 alloqui.
1117 2173 1247 2244 “Eccur

247 2276 337 2345 non'l
352 2273 528 2357 Numquid
542 2296 656 2344 amere
677 2275 809 2344 mulieri
835 2275 935 2344 nefas
947 2275 1024 2345 est?
1050 2275 1144 2345 Num
1173 2296 1247 2344 mu·

247 2375 319 2445 lieri
334 2374 548 2444 tolerandum
564 2382 616 2444 est
632 2379 723 2458 quod
739 2374 831 2444 Hera
847 2375 1030 2445 toleravit?
1046 2429 1054 2444 .
1073 2428 1081 2444 .
1098 2375 1127 2444 .'’

332 2473 403 2543 “De
419 2496 460 2544 ea
475 2497 512 2543 re
528 2474 620 2556 satis,
636 2475 752 2556 lulia,''
768 2474 961 2559 interpellat
976 2482 1133 2544 matrona
1156 2476 1248 2544 vela·

249 2582 295 2656 ta,
309 2596 392 2643 voce
408 2574 549 2657 glaciali.
572 2574 704 2645 “Tuam
721 2596 793 2645 rem
809 2576 915 2644 fare.”

333 2691 404 2760 “De
429 2692 542 2761 forulo
565 2693 696 2762 ooculto
720 2693 818 2773 novi;
856 2692 924 2762 vidi
956 2692 1082 2761 Heram
1107 2693 1249 2775 aperire,

249 2792 330 2875 quid
346 2792 481 2873 celaret,
496 2792 585 2861 novi.
619 2792 747 2861 Verum
773 2815 839 2875 ego
854 2815 937 2874 erga
952 2793 1078 2861 Heram
1094 2792 1162 2862 fida
1177 2793 1249 2861 fui;

250 2915 325 2961 eam
342 2893 472 2972 amavi;
493 2893 613 2975 gavisa
633 2914 709 2962 sum
734 2915 809 2961 eam
835 2893 998 2975 reperisse
1027 2893 1250 2975 aliquem...

252 2993 342 3061 Hera
358 2992 591 3062 reminiscetur
606 3015 703 3062 suam
719 2993 997 3076 desperationem,
1014 3015 1115 3063 suum
1137 2993 1251 3062 horto

252 3115 334 3174 rem,
349 3115 456 3176 quum
468 3093 619 3175 ingressa
631 3094 789 3162 conclave
803 3093 927 3176 reperit
937 3116 1051 3163 arcam
1062 3093 1251 3174 evanuisse,

251 3193 464 3273 subductam,
479 3193 653 3262 venditam
667 3194 836 3276 perillum
853 3248 860 3262 .
878 3248 885 3262 .
903 3247 910 3262 .
933 3216 1001 3263 non
1023 3216 1120 3264 secus
1134 3201 1169 3264 et
1184 3214 1250 3273 ego

252 3293 428 3376 desperavi
445 3315 542 3362 -ex
556 3293 647 3362 omni
662 3293 762 3363 corde
778 3294 925 3363 conabar
940 3294 1041 3364 Herae
1066 3294 1141 3363 usui
1166 3315 1250 3363 esse.

253 3394 302 3463 Ea
318 3402 416 3464 nocte
431 3394 573 3463 conveni
595 3394 730 3475 istum,”
757 3403 845 3464 nutu
872 3395 1017 3478 effigiem
1045 3395 1194 3465 indicans
1216 3395 1249 3465 in

253 3495 323 3564 solo
338 3494 513 3564 iacentem.
530 3494 618 3563 Eum
633 3494 782 3564 edocui''

338 3612 428 3681 Hera
444 3635 515 3693 sua,
531 3612 627 3694 quasi
643 3612 677 3680 in
694 3634 814 3681 saxum
839 3620 981 3693 mutata,
1005 3613 1109 3682 stetit.
1139 3613 1252 3695 Suspi-

254 3712 357 3783 cabar
371 3713 444 3782 eius
458 3734 621 3795 angorem
637 3721 673 3782 et
687 3713 965 3782 humiliationem.

338 3828 433 3912 “lpse
449 3852 470 3898 a
484 3852 539 3898 me
555 3829 788 3899 sciscitabatur
804 3866 842 3874 -
858 3830 1021 3899 intellexit
1033 3831 1145 3899 omnia
1155 3831 1252 3899 -to

255 3930 379 4010 rulum,
395 3931 453 4012 qui
468 3931 511 3998 sit
526 3930 730 4012 aperiendus
744 3966 785 3974 —
800 3939 934 3999 cuncta.
957 3931 1003 3999 At
1028 3953 1092 4012 ego
1116 3931 1253 4000 consilia

255 4053 317 4100 sua
332 4052 550 4113 nequaquam
573 4030 823 4113 suspicabar-
839 4052 977 4113 prorsus
999 4031 1082 4099 nihil
1108 4031 1254 4114 suspica·

255 4130 355 4199 tionis
371 4130 484 4199 habui.
508 4130 635 4199 Verum
652 4131 686 4199 in
702 4132 781 4200 navi
798 4132 866 4200 vidi
892 4153 992 4211 eum„
1017 4138 1092 4200 tum
1115 4131 1252 4200 demum

255 4230 413 4299 intellexi.
436 4231 544 4311 Eheu,
559 4231 686 4313 accepit
702 4231 792 4314 quod
809 4231 933 4301 meruit
944 4230 972 4298 !'’

341 4331 416 4413 lpsa
432 4339 505 4399 tota
520 4331 698 4411 tremebat,
710 4331 935 4413 manibusque
944 4331 1058 4398 oculos
1069 4331 1250 4413 operiebat.

340 4447 452 4517 “Nihil
475 4449 560 4531 plus,
588 4449 688 4529 Hera,
714 4448 869 4517 existimo
895 4448 1101 4531 superesse,”
1124 4448 1254 4520 addidit

257 4571 368 4621 rauce.
