3128 5016
314 748 377 817 m
576 762 787 817 ursrurrnru
808 762 916 817 Arca
937 758 1057 818 soma

394 929 492 1011 “Qua
506 931 541 1000 in
557 930 737 1000 altitudine
752 939 805 1001 est
819 931 974 1001 toramen
984 931 1022 1000 ?''

394 1028 524 1113 “Prope
539 1030 582 1100 ad
598 1031 829 1100 summitatem
844 1031 1036 1100 fenestra?

394 1131 508 1201 Pauca
523 1137 598 1214 post
613 1139 786 1200 momenta
800 1131 952 1214 Godtrey
965 1131 1009 1201 ad
1020 1131 1136 1201 sellam
1152 1153 1251 1201 suam
1266 1154 1318 1202 re·

310 1231 425 1312 vertit,
440 1230 600 1312 consedit,
615 1239 720 1314 atque
741 1231 940 1301 mucinium¹
968 1231 1092 1301 sensim
1118 1232 1152 1300 in
1178 1231 1316 1301 vultum

309 1331 454 1401 induxit
477 1331 561 1400 Dein
577 1331 783 1413 proclinatus
796 1331 899 1414 pedes
923 1353 1012 1401 arcae
1037 1339 1210 1415 aspectare
1235 1332 1318 1402 affe

310 1431 437 1500 ctabat.
485 1485 489 1493 ,

395 1530 491 1600 “Vidi
507 1531 618 1612 eum,”
633 1531 753 1614 inquit
776 1530 874 1600 “Sive
889 1531 1003 1614 potius
1016 1531 1131 1601 oculos
1145 1531 1220 1601 eius
1233 1531 1312 1601 vidi.

311 1631 434 1700 Nonne
450 1653 553 1714 quam
568 1639 649 1700 sunt
664 1631 777 1700 saevi.”

394 1730 511 1800 “Oculi
537 1731 669 1814 tigridis
693 1733 805 1813 sunt,''
830 1753 873 1800 ex
901 1731 1014 1801 animo
1043 1752 1227 1815 persuasus
1259 1753 1310 1802 re·

307 1831 436 1915 spondi.

392 1930 605 2013 “Enimvero,
627 1932 709 2001 dum
735 1931 798 2000 iste
823 1953 885 2000 nos
899 1954 942 2000 ex
956 1931 1144 2000 extrinseco
1165 1931 1315 2015 specula·

311 2038 380 2113 tur,
395 2031 473 2100 usui
489 2031 581 2100 haud
597 2031 661 2100 erit
683 2053 769 2114 opus
793 2039 949 2100 nostrum
974 2031 1142 2114 prosequi.
1178 2031 1268 2101 Nam
1289 2031 1316 2101 si

310 2131 413 2200 etiam
429 2130 582 2201 forulum
597 2132 768 2201 occultum
784 2131 1018 2214 reperiremus,
1032 2131 1151 2201 eodem
1162 2132 1236 2202 fere
1246 2154 1317 2202 mo-

309 2238 425 2300 mento
440 2238 586 2313 uterque
601 2239 757 2300 nostrum
772 2232 993 2300 moreretur.’'

394 2330 517 2400 “Aisne
533 2332 607 2400 iore
623 2339 664 2400 ut
678 2331 742 2400 iste
758 2353 819 2400 nos
834 2331 1006 2401 occisurus
1019 2331 1153 2401 easetl”

394 2429 542 2500 “Eodem
557 2439 729 2500 momento
742 2452 805 2500 nos
826 2430 1004 2501 traiiceret.
1027 2430 1135 2514 Finge
1157 2431 1229 2514 tibi,
1254 2431 1316 2501 Le·

309 2538 388 2612 ster,
414 2539 545 2613 quanta
569 2530 634 2600 ista
659 2539 747 2600 esset
767 2529 1012 2600 consternatio!
1049 2530 1156 2600 Parks
1179 2531 1314 2601 audiret

310 2631 396 2701 duos
410 2631 498 2699 ictus
512 2631 667 2714 sclopelli,
683 2631 837 2713 irrueret,
852 2653 982 2714 nosque
1007 2631 1062 2700 hic
1087 2639 1240 2701 mortuos
1265 2652 1315 2701 re·

308 2731 442 2815 periret.
459 2730 573 2813 Grady
586 2731 621 2800 in
636 2731 871 2800 convulsiones
885 2738 1118 2814 raperetur-
1132 2752 1172 2801 ac
1186 2753 1248 2815 per
1257 2731 1315 2801 ali·

310 2839 394 2914 quot
409 2831 480 2900 dies
495 2831 594 2900 ambo
609 2831 758 2900 celebres
771 2832 953 2901 essemus.''

393 2930 486 3013 “Ego
501 2952 582 3000 vero
597 2931 827 3000 celebritatem
843 2931 907 3000 alio
923 2931 1070 3014 quodam
1095 2931 1195 3001 modo
1220 2952 1313 3015 quae·

313 3031 417 3112 ram,'’
432 3031 572 3113 inquam
588 3031 758 3099 immotus.
781 3029 913 3114 “Eouid
928 3031 991 3100 hac
1006 3030 1048 3100 de
1063 3053 1100 3101 re
1114 3038 1246 3101 statues
1254 3030 1292 3101 ‘l‘’

392 3147 540 3230 “Capere
555 3169 635 3216 eum
651 3147 853 3216 tentandum
877 3154 980 3230 puto;
1002 3147 1093 3230 quod
1118 3147 1145 3217 si
1168 3147 1313 3218 efficere·

309 3269 387 3317 mus
401 3283 442 3292 —
458 3255 532 3316 tum
549 3269 629 3315 sane
642 3246 910 3316 celebraremur!
943 3247 989 3316 nt
1004 3254 1155 3330 coeptum
1170 3247 1313 3318 eiusmo-

308 3347 341 3418 di
368 3354 419 3416 est
445 3347 542 3428 quasi
565 3345 772 3429 scorpionem
797 3368 917 3429 capere
939 3354 1134 3416 -certum
1149 3354 1238 3416 esset
1251 3368 1314 3416 noa

309 3447 551 3517 detrimentum
567 3447 704 3515 laturos
727 3445 759 3515 Si
775 3446 829 3515 illc
844 3446 1015 3516 homullus
1029 3455 1090 3528 est,
1114 3468 1217 3530 quem
1240 3468 1313 3516 esse

307 3555 401 3632 puto,
413 3547 565 3615 omnium
575 3545 768 3615 mortalium
783 3546 837 3615 ille
848 3546 994 3616 maxime
1009 3546 1217 3630 periculosus
1230 3547 1313 3617 est”

392 3663 530 3734 lntcrim
546 3663 756 3746 superficiem
772 3685 860 3732 arcae
875 3663 1011 3746 palpare
1027 3663 1184 3746 perrexit.
1211 3663 1310 3745 Quod

306 3764 350 3834 ad
365 3786 419 3833 me
435 3763 567 3844 attinet,
581 3762 693 3832 nescio
704 3763 785 3846 quid
797 3785 864 3832 non
877 3771 997 3846 pactus
1007 3785 1125 3844 essem,
1137 3762 1164 3833 si
1175 3763 1311 3833 eosdem

409 3981 432 4031 1.
450 3979 499 4031 Eat
511 3979 574 4038 tela,
587 3994 668 4045 quam
682 3979 710 4031 in
723 3979 830 4031 sacculo
855 3978 984 4043 gerimus,
1004 3979 1038 4031 ad
1061 3978 1248 4045 mungeudum
1268 3993 1314 4037 ua

311 4080 358 4117 um
372 4062 504 4117 adhibita.
