3128 5016
501 789 694 843 cnocnann
717 791 896 846 annocum
919 792 1056 847 scruon
1217 776 1281 847 319

363 953 475 1023 “Hero
491 954 625 1024 Rectori
641 955 751 1024 Musei
766 955 913 1025 Louvre:

343 1086 460 1157 “Bona
469 1088 609 1158 fortuna
619 1088 701 1157 mihi
713 1088 855 1171 contigit
864 1090 1045 1159 adamante
1056 1112 1201 1174 rosaceo,
1212 1092 1282 1162 Ma·

279 1171 370 1239 zarin
386 1172 554 1269 appellato
570 1173 682 1255 potiri.
700 1173 737 1241 in
754 1174 869 1242 animo
884 1174 967 1243 mihi
983 1182 1035 1243 est
1050 1175 1208 1272 tuiseum
1218 1177 1283 1246 coi·

278 1256 438 1324 lectaners
453 1264 656 1337 restaurare,
667 1278 711 1324 ne
723 1259 867 1339 amplius
886 1259 1049 1410 populum
1068 1259 1282 1329 imitamento

279 1339 389 1407 vitreo
405 1339 494 1421 picto
509 1341 627 1408 fallere
644 1342 871 1410 necessarium
888 1343 922 1410 vi
947 1349 1056 1410 eatur.
1079 1343 1208 1425 Insigni
1223 1344 1284 1412 mi·

279 1422 313 1490 hi
328 1423 393 1491 erit
410 1424 576 1504 voluptati
591 1445 763 1505 gemmam
779 1425 866 1494 hanc
881 1426 942 1494 tibi
955 1426 1080 1494 donare
1095 1449 1174 1496 curn
1190 1427 1282 1496 omni

279 1507 416 1574 honoris
441 1507 644 1588 testimonio,
660 1508 687 1576 si
704 1508 804 1577 modo
831 1509 899 1578 Sua
925 1508 1107 1591 Celsitudo,
1134 1511 1282 1592 Magnus

283 1591 361 1658 Dux
388 1590 541 1671 Michael,
557 1592 653 1660 velut
679 1591 869 1661 donationis
887 1593 1005 1674 socius
1022 1614 1085 1661 sua
1105 1595 1284 1663 voluntate

281 1673 362 1741 mihi
377 1674 576 1756 adstipulari
591 1675 684 1743 velit.
706 1676 832 1754 Quodsi
863 1697 945 1744 vero
974 1677 1163 1759 negaverit,
1194 1677 1284 1746 tristi

281 1757 415 1824 muneri
440 1758 564 1827 ducam
591 1759 819 1840 adamantem,
844 1759 1119 1842 quandoquidem
1143 1768 1284 1843 propter

281 1841 552 1922 magnitudinem
568 1842 645 1911 usui
663 1864 739 1911 meo
750 1843 864 1911 minus
877 1851 998 1995 affium
1011 1844 1151 1925 reperio,
1163 1845 1198 1912 in
1209 1845 1285 1913 fru-

282 1925 371 1992 stula
386 1925 501 1993 secari.
518 1925 642 1994 Libens
658 1935 773 1995 tamen
788 1948 887 2008 spero
939 1948 1068 2009 agnum
1084 1927 1214 1998 Ducem
1229 1949 1282 1997 as·

282 2029 419 2076 sensum
434 2009 517 2077 mihi
533 2031 601 2078 non
616 2018 834 2093 negaturum.

742 2176 952 2259 CROCHARD,
970 2177 1028 2246 Iile
1045 2177 1283 2247 Invincibilis”

368 2377 456 2458 Quid
473 2383 607 2458 poterat
623 2377 770 2459 Magnus
786 2377 864 2445 Dux
874 2377 1043 2446 statuere?
1055 2378 1287 2447 Recusaturus

285 2476 365 2544 risui
381 2477 477 2559 vulgi
504 2477 729 2559 compitorum
745 2499 780 2546 se
807 2478 992 2546 obiecisset.
1008 2478 1181 2547 Praeterea
1203 2478 1286 2547 nihil

285 2577 376 2658 quod
392 2577 536 2645 necdum
553 2576 713 2645 amiserat
728 2585 802 2645 erat
817 2578 1013 2646 amissurus.
1035 2578 1180 2647 Prohinc
1194 2578 1286 2647 haud

284 2677 511 2758 exspectanda
520 2677 631 2759 gratia
641 2684 773 2759 partem
795 2677 967 2746 donatoris
988 2678 1156 2761 praestitit.
1179 2677 1288 2747 Biduo

284 2786 361 2859 post
377 2778 522 2845 director
539 2777 675 2845 Louvre
699 2799 801 2859 super
816 2778 1027 2860 scriptoriam
1057 2800 1153 2848 suam
1183 2778 1290 2847 mani·

285 2878 404 2959 pulum
421 2877 554 2959 reperit;
566 2899 633 2958 quo
643 2878 790 2957 evoluto,
802 2878 950 2946 Mazarin
960 2879 1100 2947 invenit.
1113 2879 1229 2961 Quum
1239 2879 1289 2947 vi·

285 2978 368 3046 seris
399 2978 544 3055 Louvre,
565 2978 599 3045 in
616 2978 726 3046 vitreo
750 2978 947 3060 speculario,
973 2978 1110 3047 honoris
1140 2979 1222 3060 loco,
1252 2978 1288 3047 in

286 3078 450 3159 Apollinis
465 3078 707 3158 loculamentis
733 3078 874 3146 custode
888 3078 1056 3159 adstante,
1071 3079 1288 3148 adamantem

287 3200 365 3246 eum
382 3177 573 3259 conspicies.
590 3178 740 3247 Historia
755 3187 869 3247 tamen
885 3179 987 3248 huius
998 3179 1222 3248 restitutionis
1236 3180 1288 3248 fa-

287 3285 352 3346 ctae
378 3300 396 3346 e
421 3278 584 3346 memoria
614 3279 790 3348 hominurn
826 3278 950 3347 sensim
982 3278 1150 3348 oblivione
1182 3278 1286 3348 deleri

288 3377 413 3460 incipit.

371 3478 540 3547 Crochard
556 3478 665 3547 vero?
682 3479 812 3547 Nescio.
830 3478 973 3561 Quoque
995 3500 1095 3548 mane
1111 3500 1201 3548 nova
1228 3479 1290 3548 Pa·

289 3579 406 3648 risiaca
423 3579 573 3647 lectitare
590 3579 760 3660 consuevi,
777 3578 941 3659 rimando,
951 3578 1055 3661 siquo
1066 3579 1165 3648 modo
1177 3579 1291 3649 Invin-

288 3679 393 3747 cibilis
408 3679 462 3746 ille
477 3700 566 3746 nova
593 3679 740 3761 quadam
763 3678 1025 3761 metamorphosi
1055 3678 1177 3748 alicubi
1202 3700 1292 3749 corn·

289 3786 432 3862 pareret.
450 3779 651 3861 Epistolium
666 3801 767 3848 suom
778 3779 988 3861 quadratura
997 3780 1211 3862 complexum
1226 3779 1291 3850 sub

288 3880 393 3948 oculis
407 3886 487 3948 ante
504 3879 715 3962 scriptoriam
730 3900 840 3948 meam
860 3878 996 3961 pendet,
1010 3878 1114 3963 idque
1139 3878 1290 3962 quotidie

289 3980 412 4049 lectito.
430 3980 506 4049 Una
522 3980 595 4049 eius
610 3979 778 4050 sententia
792 3986 958 4063 perpetuo
973 3979 1055 4049 mihi
1070 3979 1103 4048 in
1130 3980 1292 4052 memoria

293 4089 459 4150 versatur:
