3128 5016
703 1706 853 1775 CAPUT
875 1706 955 1774 XIII

549 1892 722 1971 Eqreqtus
738 1891 883 1971 quidam
900 1890 1094 1959 Salutator.

409 2075 575 2142 Posmto
597 2073 661 2153 die,
677 2073 791 2155 paullo
807 2080 883 2156 post
898 2095 1014 2142 meum
1029 2072 1064 2141 in
1080 2072 1249 2142 officinam
1274 2073 1331 2143 ad·

325 2182 477 2254 ventum,
498 2174 709 2254 ministelluS‚
726 2173 866 2243 solemni
893 2173 1041 2256 quodam
1067 2173 1190 2256 agendi
1218 2174 1329 2255 modo,

327 2297 347 2342 a
364 2275 459 2343 suius
474 2274 625 2343 moribus
639 2296 804 2356 perquam
820 2274 939 2354 alieno,
949 2273 1142 2342 schedulam
1154 2273 1236 2342 mihi
1252 2274 1334 2342 offe·

327 2375 433 2452 rebat,
449 2397 552 2456 quam
568 2396 632 2456 ego
648 2396 716 2441 non
734 2396 854 2455 parum
870 2382 1012 2451 stupens
1026 2374 1151 2457 aspexi.
1185 2374 1266 2444 Visst
1280 2377 1331 2454 ed,

327 2477 449 2555 fateor,
466 2484 500 2543 et
517 2474 597 2542 mihi
623 2473 838 2542 verecundus
866 2474 1068 2544 reverentiae
1090 2475 1190 2543 titnor
1216 2473 1332 2543 subre-

330 2575 406 2658 psit,
438 2574 715 2657 quandoquidem
747 2575 880 2643 tessella
905 2596 1028 2644 nomen
1052 2573 1185 2644 ferebat
1220 2573 1336 2643 Sereni

328 2675 559 2743 Homblower.

411 2774 581 2843 Caeterum
608 2795 731 2841 nomen
757 2774 840 2842 satis
864 2774 1022 2856 ignotum
1044 2780 1273 2856 praeterquam
1289 2773 1334 2842 Ie·

327 2875 520 2957 gumdoctis
535 2875 715 2952 grandium
732 2874 872 2944 orientis
888 2875 992 2944 trium
1004 2875 1152 2957 urbium,
1164 2876 1238 2944 Neo
1248 2875 1334 2944 Ebtt

327 2997 467 3055 racenae,
478 2974 749 3056 Philadelphenae
760 2983 863 3056 atque
880 2975 1077 3057 BostoncIae;
1093 2997 1172 3044 nam
1187 2974 1335 3044 Serenus

328 3076 550 3145 Homblower
574 3096 750 3156 nunquam
776 3083 827 3143 est
852 3076 995 3145 Iunctus
1018 3075 1152 3158 publico
1180 3096 1332 3154 munere,

329 3197 504 3258 nunquam
522 3175 627 3243 verba
644 3175 775 3256 publice
791 3175 885 3254 fecit,
900 3197 1077 3257 nunquam
1101 3174 1273 3256 respondit
1288 3175 1334 3241 aI-

329 3276 487 3345 locutioni
505 3275 645 3356 epulan‘,
661 3276 750 3343 inter
765 3275 913 3343 delectos
927 3275 1061 3357 publice
1087 3296 1265 3357 nunquam
1284 3296 1333 3343 se·

328 3377 378 3445 dit
394 3384 562 3457 quantum
579 3384 721 3455 constat,
737 3375 856 3442 dicam'
868 3375 902 3442 in
912 3376 1006 3443 curia
1015 3375 1147 3458 publice
1155 3396 1333 3458 nunquam

334 3477 566 3560 pertractavit,
583 3497 759 3557 nunquam
776 3497 912 3542 causam
929 3496 1042 3543 coram
1064 3475 1184 3544 iuratis
1193 3475 1278 3544 deit
1294 3512 1333 3521 —

330 3600 398 3645 uno
414 3576 527 3649 verbo.
545 3599 667 3643 nomen
685 3576 758 3642 eius
773 3576 805 3642 in
820 3575 950 3643 diurnis
973 3597 1160 3658 nunquam,
1182 3577 1251 3644 ullo
1266 3598 1335 3645 ma

331 3678 383 3755 do,
400 3677 562 3743 iactatum
579 3686 640 3753 ost,
665 3684 829 3743 ettamen
859 3686 1046 3756 proventus
1071 3675 1122 3744 sui
1149 3682 1335 3758 proventus

433 3863 453 3910 l.
475 3858 488 3908 I
492 3859 556 3915 tien,
575 3875 617 3915 -.ϊ,
639 3867 678 3909 est
695 3860 727 3908 Iis·
741 3874 830 3908 coram
844 3859 940 3915 iudice,
959 3860 1046 3910 dicam
1062 3859 1172 3915 inferre.
1184 3860 1229 3911 vel
1239 3859 1336 3925 Impin.

335 3945 535 4007 g1·r‹·.ali‹111‹=n1
551 3944 598 3992 lin·
623 3943 762 4008 prosequi2
782 3944 904 3993 Graecum
919 3950 967 4002 est,
989 3944 1034 3994 sed
1058 3944 1186 3995 Romanis
1206 3944 1336 3996 iuriscon-

333 4028 413 4080 sultis
429 4028 569 4078 usitatum.
