3150 5468
477 1248 659 1306 uonmrus
686 1249 828 1315 ouruau
850 1249 1064 1306 sauuraron
1210 1235 1271 1306 141
1386 1322 1388 1325 v

266 1419 446 1489 certiorem
460 1418 534 1490 fieri
549 1420 669 1502 voluit,
686 1419 934 1504 tranquillitate
950 1419 1064 1502 animi,
1079 1419 1143 1489 nisi
1159 1439 1200 1488 ea
1221 1438 1272 1487 re·

270 1527 488 1602 cuperentur,
503 1541 540 1589 se
555 1541 694 1602 prorsus
707 1521 802 1590 nulla
816 1520 886 1589 frui
902 1521 1031 1602 posse.”

353 1620 482 1689 Iterum
497 1620 612 1689 annui.
635 1620 726 1690 Nihil
753 1621 908 1704 profecto
932 1628 1007 1689 erat
1030 1641 1136 1702 quare
1159 1617 1270 1688 adhuc

268 1721 346 1804 plus
360 1720 495 1789 diceret.
519 1720 632 1790 Etiam
649 1742 714 1803 ego
735 1742 870 1790 mecum
892 1720 1051 1803 reputavi
1078 1719 1182 1790 infido
1197 1739 1267 1788 ma·

269 1820 335 1890 rito
350 1819 377 1890 si
394 1842 457 1902 par
472 1821 544 1903 pari
561 1820 737 1904 rependat,
754 1842 875 1890 revera
890 1821 1023 1889 nullum
1050 1820 1104 1891 ius
1129 1819 1173 1889 ad
1194 1840 1273 1891 con·

270 1921 483 2003 querendum
498 1929 700 2005 competere.

353 2021 486 2092 “Cliens
500 2022 597 2106 proin
613 2023 720 2103 mea,”
732 2022 950 2105 prosequitur
960 2022 1065 2092 herus
1076 2021 1273 2092 Hornblow·

269 2143 307 2191 er
321 2122 445 2191 sensim
461 2124 561 2192 laetus
576 2122 711 2191 viarum
726 2123 872 2191 maxime
887 2123 996 2192 ardua
1010 2144 1046 2191 se
1060 2122 1205 2192 feliciter
1218 2145 1273 2193 su·

269 2244 414 2305 perasse,
430 2222 493 2292 “ad
509 2222 774 2305 recuperandam
790 2244 904 2292 arcam
920 2244 1006 2306 opus
1020 2223 1200 2292 confestim
1214 2244 1273 2307 ag·

268 2343 385 2405 gressa
400 2330 462 2391 est.
489 2322 627 2406 Reperit
642 2344 717 2391 eam
732 2322 883 2392 Armand
899 2331 934 2392 et
951 2322 1019 2392 Fils
1033 2322 1208 2392 venditam
1223 2345 1274 2393 es·

270 2443 316 2490 se.
338 2422 405 2491 Eos
429 2444 538 2505 quum
563 2423 635 2492 sine
662 2444 757 2491 mora
783 2423 955 2504 adivisset,
978 2445 1177 2506 responsum
1193 2423 1273 2493 tulit

268 2543 382 2592 arcam
412 2522 479 2592 iam
508 2523 591 2592 hero
622 2523 769 2592 Vantine
794 2523 980 2604 venditam,
1006 2532 1041 2592 et
1071 2522 1175 2591 etiam
1204 2523 1271 2593 huc

269 2622 503 2691 transmissam
518 2644 601 2691 esse.
619 2623 775 2705 Proinde,
791 2623 856 2693 sub
870 2623 980 2706 specie
995 2645 1092 2692 suam
1107 2623 1272 2693 familiam

268 2721 409 2802 visendi,
436 2722 589 2804 proxima
618 2723 697 2791 navi
724 2745 759 2792 se
785 2723 897 2792 itineri
923 2723 1105 2793 committit
1127 2745 1168 2792 eo
1189 2745 1272 2794 vero

268 2822 440 2906 proposito
454 2830 494 2891 ut
509 2823 553 2891 ab
569 2822 651 2892 hero
665 2823 813 2892 Vantine
835 2824 1036 2892 facultatem
1052 2824 1182 2892 forulos
1196 2846 1273 2908 ape-

269 2922 386 3003 riendi,
398 2923 586 3005 litterisque
599 2923 753 3005 potiundi
770 2923 976 3005 impetraret.
989 2924 1081 2993 Mors
1091 2924 1165 2993 eius
1175 2946 1273 2995 suam

268 3045 363 3106 spem
378 3023 571 3103 frustravit,
588 3031 622 3091 et
647 3023 692 3092 sic
716 3022 892 3104 destituta,
916 3046 1045 3106 speque
1067 3024 1207 3104 deiecta,
1228 3024 1272 3094 ad

269 3144 323 3191 me
339 3123 479 3205 refugit.
501 3123 566 3191 Vix
582 3130 634 3191 est
649 3145 711 3192 cur
737 3123 859 3192 addam
882 3124 1051 3192 neminem
1074 3147 1116 3192 ex
1138 3146 1201 3194 sua
1222 3126 1273 3194 fa·

268 3223 360 3292 milia
374 3222 558 3306 quidquam
576 3223 618 3292 de
634 3223 686 3293 his
713 3223 814 3293 rebus
837 3224 931 3305 scire,
956 3232 1060 3306 atque
1087 3225 1271 3306 plurimum

267 3324 397 3392 referre
413 3332 452 3392 ut
469 3324 612 3393 maritus
627 3346 711 3393 suus
725 3324 768 3393 de
794 3323 911 3392 iisdem
936 3346 1113 3407 nunquam
1139 3325 1192 3393 vel
1216 3347 1272 3395 su·

269 3423 419 3505 spiretur
435 3423 581 3505 quidem.
593 3423 662 3493 Suo
677 3424 792 3506 itaque
807 3423 944 3492 nomine
959 3431 994 3491 te
1008 3425 1149 3506 appello,
1165 3424 1272 3493 veluti

269 3523 463 3591 testamenti
491 3523 562 3591 heri
589 3523 735 3592 Vantine
756 3531 1001 3604 exsecutorem,
1016 3533 1056 3593 ut
1071 3545 1129 3592 eas
1143 3524 1273 3594 litteras

268 3623 414 3706 propriae
428 3622 574 3691 dominae
589 3624 768 3693 restituere
784 3646 826 3692 ne
842 3623 1029 3706 graveris.’¹

352 3723 472 3791 Miram
489 3723 575 3792 hanc
591 3723 764 3792 historiam
780 3731 953 3793 momento
967 3724 1129 3806 temporis
1138 3746 1270 3794 mecum

267 3825 409 3893 volvens
425 3822 594 3903 sedebam,
610 3824 854 3907 tentabamque
870 3832 1016 3893 eventus
1031 3824 1203 3893 novissimi
1224 3824 1272 3894 bi·

267 3922 337 4004 dui,
366 3931 484 3992 utrum
514 3923 602 3991 inter
632 3945 668 3992 se
696 3924 911 4005 conveniant,
945 3945 1156 4007 componere.
1194 3923 1271 3994 Non

268 4023 482 4106 quadrarunt
498 4031 615 4092 autem
642 4059 680 4067 —
707 4024 826 4092 saltem
852 4046 919 4092 non
945 4046 1023 4093 cum
1049 4045 1125 4093 mea
1140 4023 1272 4093 theoria

268 4123 310 4191 de
324 4145 427 4192 causa
443 4123 565 4192 horum
591 4131 791 4192 eventuum.
814 4124 891 4192 Non
917 4124 1007 4192 enim
1033 4125 1187 4207 profecto
1202 4124 1273 4194 Ma·

268 4231 368 4291 trona
384 4223 413 4291 X
429 4245 492 4293 sua
507 4231 638 4292 secreta
654 4245 786 4293 veneno
801 4223 1014 4292 vindicatura
1029 4223 1121 4293 erat!

353 4322 544 4406 “Numquis
558 4331 684 4407 praeter
699 4331 795 4393 tuam
810 4324 966 4392 clientem
981 4323 1076 4392 novit
1085 4324 1272 4406 quidquam

267 4422 310 4492 de
326 4422 399 4492 istis
413 4422 535 4492 litteris
546 4423 582 4492 ?”
598 4423 741 4506 quaesivi
758 4423 913 4505 denique.

352 4521 475 4592 “Haud
501 4524 549 4593 ita
572 4524 686 4607 puto,'’
713 4523 887 4607 respondit
909 4522 1014 4593 herus
1039 4521 1271 4607 Homblovver,
