3150 5468
323 1174 383 1242 168
583 1190 787 1244 ursrnnnm
811 1191 916 1244 onem
941 1184 1057 1244 nourr

315 1356 408 1425 haud
423 1357 540 1426 amicis
555 1357 588 1425 in
605 1357 755 1440 Godirey
771 1358 937 1427 coniectis.
964 1358 1120 1426 Matrona
1134 1358 1247 1427 velata
1261 1357 1317 1426 de

315 1456 418 1538 nique
433 1457 476 1525 ad
492 1480 545 1526 me
561 1480 596 1526 se
612 1458 725 1538 vertit,
740 1480 930 1541 manusque
946 1458 1107 1527 tetendit:

399 1555 571 1626 “Gratiam
598 1558 657 1626 tibi
685 1558 802 1639 habeo,
829 1559 874 1626 mi
892 1559 990 1640 Here,
1017 1559 1167 1641 Lester,”
1193 1558 1315 1641 inquit,

314 1654 396 1739 “pro
411 1665 472 1726 tua
487 1657 520 1724 in
536 1680 591 1727 me
606 1659 792 1727 voluntate.
815 1658 911 1739 Veni,
928 1658 1012 1727 lulia
1022 1658 1050 1726 !”
1073 1657 1192 1741 hisque
1219 1658 1316 1727 dictis

316 1764 463 1840 utraque
488 1758 531 1826 ad
556 1759 649 1827 iores
673 1758 821 1840 accessit,
846 1780 932 1841 quas
954 1759 1083 1840 Rogers
1097 1758 1160 1827 illis
1175 1780 1315 1841 propere

317 1857 445 1938 pandit.

402 1959 514 2027 Herus
529 1958 750 2027 Homblower
764 1966 853 2028 nutu
869 1958 988 2041 capitis
1003 1959 1163 2040 salutans,
1189 1980 1246 2028 eas
1267 1980 1316 2028 sc·

314 2067 416 2128 cutus
431 2059 582 2139 excessit,
598 2081 661 2141 ego
676 2067 792 2127 autem
807 2081 886 2128 cum
902 2059 1053 2141 Godfrey
1068 2059 1159 2128 solus
1174 2081 1250 2128 sum
1266 2080 1316 2128 re·

314 2159 424 2227 lictus.

400 2259 553 2340 Uterque
569 2265 722 2327 nostrum
739 2259 839 2327 silens
860 2259 1019 2340 consedit,
1036 2258 1163 2341 quique
1178 2259 1249 2328 suis
1263 2281 1316 2328 co

316 2359 433 2440 gitatis
448 2359 609 2427 intentus.

400 2457 538 2540 “Hem”
569 2460 665 2527 fatur
694 2459 839 2541 denique
869 2459 1029 2541 Godfrey.
1063 2457 1181 2541 “Hem,
1212 2481 1315 2541 quam

315 2560 510 2642 praeclaram
535 2559 606 2627 haec
630 2559 742 2628 omnia
766 2559 957 2642 praeberent
979 2559 1173 2628 historiam!
1194 2559 1239 2628 Et
1261 2583 1315 2642 en,

315 2660 355 2728 iis
370 2659 421 2727 uti
436 2658 586 2740 nequeo!
609 2659 778 2728 Acerbum
795 2658 857 2728 hoc
872 2667 924 2728 est
939 2659 1037 2741 scitu,
1052 2659 1098 2727 mi
1115 2659 1271 2729 Lester!”

399 2759 568 2828 “Historia
582 2760 646 2828 ista
661 2760 835 2828 columnas
850 2759 1018 2828 societatis
1042 2767 1133 2828 certe
1159 2768 1315 2830 concute

314 2860 397 2942 ret,'’
413 2882 570 2929 assensus
585 2859 662 2928 dixi.
685 2859 778 2928 “lmo
793 2868 828 2928 et
843 2882 907 2942 ego
922 2859 992 2942 ipse
1007 2881 1191 2929 concussus
1205 2860 1313 2930 sum.’'

397 2960 494 3028 “Non
512 2981 608 3029 secus
622 2968 726 3042 atque
741 2959 824 3042 ego!
846 2960 998 3029 Primum
1010 2982 1065 3028 me
1080 2982 1249 3043 nusquam
1265 2983 1314 3030 es·

316 3083 352 3130 se
368 3060 455 3129 sensi
471 3096 511 3104 —
527 3082 634 3142 quum
650 3067 684 3129 te
699 3068 803 3142 atque
819 3068 1009 3129 matronam
1025 3061 1174 3129 velatam
1199 3061 1242 3130 de
1263 3083 1316 3130 oc·

291 3182 293 3190 ·
316 3163 407 3231 culto
423 3162 535 3229 forulo
551 3161 752 3230 disserentes
774 3161 982 3242 audiveram,
1008 3159 1220 3243 elinguisque
1245 3168 1316 3230 stu·

313 3261 373 3345 pui
389 3297 429 3305 -
445 3261 583 3342 vidique
599 3269 632 3330 te
648 3262 682 3329 in
698 3283 752 3330 me
769 3260 997 3330 renidentem!
1019 3261 1065 3329 At
1080 3268 1187 3329 totam
1204 3260 1252 3330 rei
1266 3260 1315 3329 hi·

315 3363 453 3431 storiam
469 3362 614 3430 necdum
631 3361 707 3430 scio.
739 3362 885 3444 Quinam
909 3361 942 3429 id
966 3361 1098 3429 factum
1122 3368 1174 3430 est
1197 3368 1238 3429 ut
1259 3360 1315 3430 illa

316 3463 359 3532 ad
375 3470 409 3531 te
425 3462 556 3530 veniret
565 3463 602 3530 !''

398 3562 562 3631 Enarravi
587 3562 693 3643 igitur
716 3562 745 3630 ei
768 3561 956 3630 adventum
979 3560 1022 3629 ad
1048 3582 1102 3629 me
1117 3559 1189 3630 heri
1205 3559 1315 3629 Hom·

311 3662 446 3743 blower,
462 3662 634 3731 historiam
650 3662 693 3730 ab
704 3684 744 3731 eo
755 3661 836 3729 mihi
852 3668 1034 3743 narratam,
1047 3662 1224 3743 levemque
1232 3678 1311 3729 curn

314 3785 354 3832 eo
369 3764 653 3845 disceptationem.
678 3761 858 3831 intellectis
873 3760 1061 3842 eventibus,
1088 3760 1239 3842 Godfrey
1253 3781 1314 3829 au-

315 3864 386 3932 dita
400 3864 518 3946 capitis
533 3872 620 3931 nutu
637 3862 802 3945 probavit.

398 3963 567 4032 “Historia
581 3964 646 4032 ista
660 3963 781 4045 utique
798 3969 890 4031 recta
905 3968 940 4030 et
955 3960 1060 4044 proba
1075 3961 1158 4042 est,”
1174 3960 1312 4030 tandem

316 4063 422 4144 fatur,
439 4063 680 4133 “Homblower
695 4063 785 4132 enim
797 4061 878 4130 nihil
891 4082 1042 4143 unquam
1054 4060 1145 4143 quod
1156 4060 1314 4129 fraudem

317 4165 490 4244 redoleret,
506 4164 699 4245 susciperet.
722 4165 864 4245 Insuper
878 4169 1069 4230 matronam
1090 4182 1155 4242 ego
1179 4161 1315 4243 agnovi,

317 4273 368 4346 ut,
384 4266 499 4349 procul
516 4265 628 4344 dubio,
645 4271 679 4332 et
695 4264 765 4332 tu.”

399 4365 463 4432 “Et
487 4387 550 4446 ego
575 4385 672 4443 sane;
695 4364 764 4432 vidi
788 4363 862 4432 eius
884 4361 1021 4443 effigies.
1044 4359 1189 4430 Probavi
1211 4360 1313 4430 etiam

314 4465 388 4535 eius
402 4465 638 4534 fortitudinem
655 4465 718 4533 veli
736 4463 936 4533 relevandi.”
