3128 5016
358 771 400 839 98
625 787 833 839 usnemun
856 786 963 839 nnete
984 779 1102 839 eoum

354 954 469 1023 Unum
485 962 598 1022 tamen
614 954 770 1036 estquod
787 954 859 1022 fieri
882 976 949 1022 non
972 953 1086 1036 possit,
1102 962 1208 1036 atque
1223 956 1286 1024 hoc
1301 964 1353 1025 est

362 1076 545 1134 venenum,
555 1054 645 1135 quod
656 1055 681 1122 si
692 1055 739 1122 ita
751 1054 923 1135 ingestum
933 1063 984 1122 est
994 1061 1033 1123 ut
1042 1054 1094 1122 hic
1103 1054 1274 1135 ingestum
1289 1079 1361 1125 esse

359 1155 538 1234 credimus
553 1154 719 1236 liquidum
735 1176 808 1222 esse
823 1161 968 1235 oportet,
984 1175 1101 1222 recens
1117 1176 1200 1235 esse,
1216 1177 1362 1238 semper-

357 1276 424 1335 que
441 1254 483 1321 ad
500 1253 728 1322 adhibendum
744 1261 902 1335 paratum
927 1253 961 1320 in
984 1275 1025 1321 ea
1048 1275 1127 1322 arca
1152 1256 1279 1323 servari
1302 1277 1362 1338 per

357 1355 434 1435 plus
450 1376 552 1435 quam
570 1362 740 1422 tercentos
756 1375 871 1421 annos.
901 1353 1006 1435 Atqui
1023 1353 1057 1420 id
1072 1361 1153 1422 ante
1169 1356 1293 1424 saecula
1307 1378 1363 1424 ex-

357 1453 519 1521 siccatum
545 1476 618 1521 esse
644 1453 831 1535 oportebat.
855 1453 927 1520 Nec
952 1453 1182 1522 mechanisma
1205 1462 1276 1523 tam
1300 1456 1361 1524 diu

357 1554 528 1635 integrum
545 1553 755 1635 perduraret,
772 1552 954 1620 admodum
969 1552 1058 1620 enim
1071 1561 1235 1634 argutum
1251 1576 1290 1623 ac
1306 1555 1363 1623 de·

357 1654 494 1721 licatum
511 1653 543 1721 id
561 1676 634 1721 esse
650 1661 794 1734 oportet.
818 1652 962 1720 Proinde
988 1653 1062 1720 oleo
1087 1653 1230 1721 subinde
1257 1655 1360 1723 oblini

358 1753 573 1834 repararique
589 1753 737 1820 deberet.
760 1752 793 1820 Si
808 1752 1019 1833 choragium¹
1034 1751 1066 1819 id
1083 1753 1223 1834 impellit
1239 1790 1279 1798 -
1299 1776 1363 1824 nec

361 1854 455 1935 capio
471 1854 552 1935 quid
569 1853 660 1920 aliud
677 1853 709 1921 id
733 1852 905 1933 impulerit
930 1887 969 1895 -
995 1852 1194 1934 choragium
1218 1854 1366 1924 debebat

361 1953 502 2021 subinde
519 1953 675 2020 renovari
692 1961 727 2020 et
743 1952 904 2020 intendi.’'

443 2053 493 2120 “T
496 2054 595 2122 um?”
612 2075 738 2134 quaero,
755 2053 888 2119 silentio
902 2051 946 2120 ab
961 2074 1001 2120 eo
1017 2052 1119 2120 facto.

443 2153 551 2221 “Tum
567 2154 694 2219 clarum
711 2159 763 2218 est
779 2153 930 2220 torulum
956 2152 1081 2234 aliquid
1100 2152 1295 2222 recentioris
1310 2176 1366 2223 ce·

360 2253 428 2320 lare
445 2275 547 2334 quam
564 2253 694 2320 litteras
718 2251 880 2320 Ludovici
906 2252 1147 2334 Quartidecimi
1172 2255 1363 2322 amatorias.

361 2353 588 2420 blechanisma
602 2374 690 2419 arcae
704 2352 886 2420 novissime
901 2352 1047 2420 debebat
1062 2352 1096 2419 in
1113 2352 1264 2421 ordinem
1281 2355 1365 2423 redi·

361 2454 406 2534 gi.
433 2454 497 2521 Sed
525 2476 544 2520 a
571 2475 649 2533 quo,
676 2460 710 2519 et
735 2452 979 2530 quamobrem?
1016 2453 1111 2520 Istud
1136 2460 1187 2521 est
1203 2475 1365 2523 arcanum

362 2554 450 2634 quod
469 2576 504 2620 sc
519 2553 614 2619 nobis
629 2552 671 2619 ad
689 2552 889 2619 solvendum
913 2552 1014 2620 offert
1030 2587 1070 2595 -·
1085 2560 1137 2620 cst
1152 2560 1269 2621 autern
1291 2576 1365 2636 pro

363 2654 482 2735 positio
498 2652 787 2734 prestantissima.
812 2652 896 2719 Dein
913 2659 965 2719 est
987 2652 1077 2720 aliud
1104 2653 1195 2734 quod
1221 2654 1365 2735 obstat,''

362 2755 472 2835 pergil
487 2755 550 2821 ille.
574 2752 746 2820 “Francus
762 2752 817 2820 ille
833 2753 929 2820 novit
952 2752 1079 2833 aliquid
1105 2751 1146 2820 de
1170 2753 1226 2821 illo
1252 2754 1365 2823 forulo

361 2856 501 2933 occulto,
519 2854 608 2935 quia,
635 2861 674 2921 ut
701 2861 817 2920 nostra
832 2853 901 2920 fert
917 2853 1096 2933 sententia,
1123 2854 1256 2934 aperuit
1273 2877 1363 2935 eum,

361 2965 396 3022 et
411 2955 538 3022 occisus
554 2962 614 3022 est.
638 2954 706 3022 Cur
722 2954 789 3021 luit
805 2953 860 3020 ille
877 2953 1017 3033 ignarus
1034 2953 1197 3022 veneni?”

447 3072 516 3137 lloc
533 3094 613 3139 vere
630 3078 762 3152 poterat
779 3069 921 3150 obverti,
946 3077 981 3136 et
1005 3091 1073 3150 quo
1098 3070 1174 3151 plus
1197 3069 1240 3138 de
1265 3092 1306 3139 ea
1329 3093 1365 3141 re

362 3172 575 3252 cogitarim
591 3171 732 3251 pravius
748 3169 930 3237 videbatur
945 3169 1167 3237 obstaculum.

454 3290 662 3367 “Fortasse''
679 3289 725 3356 ait
742 3287 886 3369 denique
899 3286 1060 3367 Godlrey‚
1077 3287 1369 3357 “d'Aurellesolus

364 3402 436 3458 erat
453 3402 602 3467 aelurus,
619 3412 638 3456 a
655 3389 755 3457 turba
772 3396 973 3468 segregatus
989 3387 1050 3429 -”

448 3491 628 3558 “'l‘urba'l''

448 3592 568 3658 “Certe
585 3591 636 3656 liic
655 3588 754 3655 turba
770 3586 895 3653 subest.
920 3586 990 3654 Hoc
1014 3587 1248 3655 molimentum
1272 3595 1364 3656 certe

364 3714 450 3772 opus
465 3701 516 3758 est
532 3689 766 3770 complurium.
783 3687 857 3753 llux
873 3695 990 3754 autern
1007 3686 1105 3753 istius
1117 3686 1228 3754 turbae
1239 3709 1365 3769 magno

364 3805 412 3859 est
432 3790 585 3869 ingenio!
610 3790 712 3856 lliror
728 3797 843 3855 utrum
867 3787 980 3868 capias
1002 3786 1121 3867 quanli
1145 3787 1271 3868 ingenii
1294 3787 1365 3870 ipse

364 3892 426 3960 sit!
451 3892 583 3972 liepula
599 3890 715 3957 niodo:
740 3889 814 3969 lpse
831 3894 1045 3968 perspectum
1069 3886 1171 3955 habet
1195 3896 1364 3956 secretum

467 4096 488 4144 l.
506 4092 554 4144 Est
567 4091 688 4157 chalybs.
704 4090 731 4141 iu
746 4088 845 4154 spiram
860 4094 955 4147 tonus.
967 4088 1014 4153 qui
1029 4087 1172 4153 horologla
1186 4088 1311 4155 impellit
