3128 5016
281 785 345 855 240
559 801 763 858 uvsraruun
780 803 885 858 anca
902 797 1020 859 nouus

284 991 416 1038 veneno
433 969 640 1040 stillantibus
654 969 736 1040 mihi
752 970 979 1054 insidiaretur,
994 971 1138 1041 subinde
1146 992 1225 1041 cum
1233 992 1288 1040 ca·

285 1068 355 1151 pite
370 1069 532 1153 Armand,
563 1071 646 1140 alias
660 1092 739 1140 cum
764 1071 864 1140 vultu
891 1070 973 1140 mihi
998 1071 1125 1154 ignoto,
1151 1091 1286 1154 semper

282 1176 397 1238 tamen
413 1170 504 1239 ultra
518 1170 624 1240 fidem
639 1170 757 1253 turpis;
773 1171 942 1240 viscosum
959 1171 1033 1241 eius
1046 1192 1169 1254 corpus
1182 1191 1286 1254 opere

283 1270 417 1338 musivo
432 1270 596 1352 micabat;
612 1270 715 1353 pedes
728 1271 802 1340 eius
817 1271 1023 1353 squammosi
1038 1271 1072 1340 in
1095 1269 1285 1341 similitudi·

285 1391 364 1439 nem
389 1392 477 1440 arcae
497 1371 604 1440 Roule
627 1378 726 1441 erant
748 1371 899 1453 incurvi;
915 1392 1163 1455 nonnunquam
1186 1370 1235 1440 sol
1250 1369 1287 1439 in

283 1470 397 1539 fronte
412 1470 486 1540 eius
500 1471 707 1553 splendebat,
732 1471 883 1540 adinstar
898 1470 985 1541 oculi
1000 1470 1166 1541 immanis
1192 1470 1288 1540 Mon·

283 1577 393 1639 strum
408 1570 471 1640 hoc
495 1571 620 1640 iterum
640 1571 833 1654 iterumque
849 1570 919 1640 vidi
934 1579 1005 1641 tres
1027 1571 1182 1641 victimas
1206 1591 1288 1640 suas

283 1670 492 1752 interimere;
508 1678 625 1754 postea
639 1693 721 1741 vero
737 1679 841 1755 caput
862 1673 1014 1754 attolere,
1041 1671 1146 1741 oculis
1170 1670 1206 1740 in
1229 1692 1286 1740 me

281 1769 403 1840 defixis
418 1771 500 1839 mihi
511 1771 685 1841 imminere
696 1771 998 1842 ceuvictimaesuae
1011 1778 1145 1855 quartae
1160 1824 1168 1840 .
1185 1823 1193 1840 .
1210 1823 1219 1840 .
1235 1770 1286 1841 At

280 1894 348 1940 non
364 1872 508 1941 ulterius
523 1872 662 1941 tentabo
683 1872 748 1941 ista
763 1872 817 1941 hic
831 1872 961 1942 somnia
982 1871 1189 1953 describere;
1205 1892 1286 1954 quae

281 1993 325 2041 ne
340 1994 431 2040 nunc
447 1972 584 2054 quidem
598 1972 670 2041 sine
685 1972 909 2055 trepidatione
924 1973 1071 2042 recolere
1086 1993 1184 2055 queo.

343 2072 492 2154 Vespera
507 2072 664 2154 quadarn,
674 2094 781 2155 quum
793 2080 937 2142 moestus
948 2072 1120 2157 animique
1131 2071 1285 2155 pendens
1304 2086 1307 2092 ·

285 2171 485 2241 incubiculo
495 2172 868 2255 sederem,mecumque
877 2179 996 2242 utrum
1004 2193 1073 2242 non
1081 2171 1287 2242 satiusesset

280 2271 435 2341 cubitum
450 2271 499 2340 ire
514 2272 745 2354 deliberarem,
768 2272 898 2343 viribus
912 2272 1032 2342 fluxus
1042 2279 1078 2342 et
1088 2277 1285 2354 enervatus,

280 2379 394 2441 tamen
419 2373 529 2455 sopori
552 2394 606 2441 me
632 2373 779 2454 credere,
794 2395 837 2442 ex
852 2393 921 2455 quo
950 2372 1098 2443 sciebam
1123 2393 1178 2441 me
1201 2393 1283 2443 cum

280 2472 400 2555 vagitu
440 2472 692 2555 evigilaturum,
732 2494 901 2554 recusans,
940 2472 1055 2543 evenit
1070 2480 1111 2542 ut
1140 2472 1280 2543 ianuam

278 2594 389 2641 meam
415 2573 549 2655 pulsare
574 2572 722 2654 aliquem
743 2572 897 2642 audirem
909 2573 1062 2656 -pulsu
1077 2572 1160 2642 mihi
1176 2580 1280 2654 noto;

279 2672 379 2743 laetus
393 2672 533 2754 surrexi,
545 2679 586 2742 ut
599 2672 861 2741 intromitterem
876 2672 1037 2755 Godfrey.

363 2773 414 2841 Ex
444 2773 578 2855 fulgore
600 2772 776 2841 oculorum
805 2772 879 2842 eius
900 2773 999 2842 facile
1021 2771 1172 2842 divinavi
1202 2793 1283 2843 eum

279 2873 404 2956 aliquid
421 2873 553 2954 insoliti,
569 2873 659 2955 quod
675 2873 756 2941 mihi
772 2880 936 2955 narraret,
952 2873 1094 2954 habere;
1110 2879 1151 2943 ut
1166 2880 1283 2943 tamen

282 2995 336 3043 me
352 2973 491 3057 aspexit,
507 2973 611 3042 iacies
626 2973 700 3042 eius
715 2980 850 3042 mutata
865 2981 926 3042 est.

364 3073 554 3154 “Quidnam
578 3073 626 3142 rei
650 3080 712 3154 est,
737 3073 904 3143 Lesteri”
937 3072 1150 3156 quaesitabat
1167 3070 1284 3144 “Adeo

280 3175 362 3244 mihi
378 3174 529 3243 deiectus
544 3196 616 3243 csse
630 3174 764 3244 videris.
792 3173 1024 3244 Laboribusne
1047 3195 1084 3243 es
1106 3173 1284 3244 coniectus

280 3275 391 3345 tuis?’'

363 3374 475 3444 “Nihil
491 3374 564 3443 eius
579 3375 657 3455 rei,”
674 3374 839 3457 respondi.
862 3373 1037 3444 “Dormire
1052 3394 1196 3458 nequeo.
1212 3373 1283 3444 Ista

280 3499 335 3545 res
349 3475 429 3544 mihi
446 3496 569 3543 nervos
584 3496 722 3556 prorsus
736 3474 916 3556 convulsit,
932 3475 1093 3556 Godirey.
1131 3474 1204 3543 lam
1229 3496 1282 3545 so·

279 3576 378 3646 mniis
394 3575 476 3643 meis
491 3597 526 3643 se
542 3575 725 3655 immiscet;
742 3574 966 3645 incubonibus
980 3574 1184 3657 opprimor.”

364 3675 503 3745 Interim
519 3697 538 3743 e
554 3675 693 3757 regione
708 3675 791 3744 mihi
815 3675 967 3745 consedit
995 3676 1097 3745 vultu
1124 3674 1284 3745 sollicitu-

279 3777 393 3848 dinem
409 3776 583 3859 prodente.

359 3876 418 3945 “ld
434 3876 481 3944 rei
498 3897 636 3958 prorsus
661 3875 749 3944 absit
760 3874 789 3943 !’'
812 3876 927 3958 arguit
951 3876 1031 3958 ipse.
1054 3874 1142 3945 “Fac
1167 3876 1282 3959 aliquo

279 3977 423 4057 secedas,
448 3977 562 4059 quiete
586 3976 676 4045 vires
698 3975 858 4045 resarcias
884 4011 925 4021 -
950 3984 985 4045 et
1001 3976 1064 4045 hoc
1079 3976 1282 4047 uberrime.''

363 4077 488 4158 “Quies
504 4099 611 4159 usque
626 4098 666 4146 eo
681 4076 765 4145 nihil
778 4076 861 4145 mihi
876 4077 1051 4161 prodesset
1069 4076 1155 4148 dum
1177 4076 1280 4148 hocce
