<?xml version="1.0" encoding="UTF-8"?>
<!DOCTYPE html PUBLIC "-//W3C//DTD XHTML 1.0 Transitional//EN"
    "http://www.w3.org/TR/xhtml1/DTD/xhtml1-transitional.dtd">
<html xmlns="http://www.w3.org/1999/xhtml" xml:lang="en" lang="en">
 <head>
  <title>
</title>
<meta http-equiv="Content-Type" content="text/html;charset=utf-8" />
  <meta name='ocr-system' content='tesseract 3.04.00' />
  <meta name='ocr-capabilities' content='ocr_page ocr_carea ocr_par ocr_line ocrx_word'/>
</head>
<body>
  <div class='ocr_page' id='page_1' title='image "./mysteriumarcbou00stevgoog/mysteriumarcbou00stevgoog_0191.png"; bbox 0 0 3150 5468; ppageno 0'>
   <div class='ocr_carea' id='block_1_1' title="bbox 506 1320 1259 1391">
    <p class='ocr_par' dir='ltr' id='par_1_1' title="bbox 506 1320 1259 1391">
     <span class='ocr_line' id='line_1_1' title="bbox 506 1320 1259 1391; baseline 0.001 -2"><span class='ocrx_word' id='word_1_1' title='bbox 506 1336 623 1391; x_wconf 75' lang='lat' dir='ltr'>uenus</span> <span class='ocrx_word' id='word_1_2' title='bbox 644 1335 801 1389; x_wconf 75' lang='lat' dir='ltr'>nauum</span> <span class='ocrx_word' id='word_1_3' title='bbox 824 1334 1019 1389; x_wconf 74' lang='lat' dir='ltr'>conemur</span> <span class='ocrx_word' id='word_1_4' title='bbox 1198 1320 1259 1390; x_wconf 84' lang='lat'>179</span> 
     </span>
    </p>
   </div>
   <div class='ocr_carea' id='block_1_2' title="bbox 255 1503 1261 4686">
    <p class='ocr_par' dir='ltr' id='par_1_2' title="bbox 256 1503 1261 3269">
     <span class='ocr_line' id='line_1_2' title="bbox 256 1503 1259 1586; baseline -0.001 -13"><span class='ocrx_word' id='word_1_5' title='bbox 256 1505 454 1573; x_wconf 87' lang='lat' dir='ltr'>convenisse</span> <span class='ocrx_word' id='word_1_6' title='bbox 470 1504 635 1585; x_wconf 83' lang='lat' dir='ltr'>gratulari</span> <span class='ocrx_word' id='word_1_7' title='bbox 649 1504 730 1572; x_wconf 90' lang='lat' dir='ltr'>mihi</span> <span class='ocrx_word' id='word_1_8' title='bbox 748 1526 890 1586; x_wconf 86' lang='lat' dir='ltr'>possem.</span> <span class='ocrx_word' id='word_1_9' title='bbox 913 1504 1020 1573; x_wconf 88' lang='lat' dir='ltr'>Vultu</span> <span class='ocrx_word' id='word_1_10' title='bbox 1037 1503 1259 1586; x_wconf 83' lang='lat' dir='ltr'>rubicundus,</span> 
     </span>
     <span class='ocr_line' id='line_1_3' title="bbox 256 1604 1260 1687; baseline 0 -15"><span class='ocrx_word' id='word_1_11' title='bbox 256 1606 354 1672; x_wconf 82' lang='lat' dir='ltr'>claris</span> <span class='ocrx_word' id='word_1_12' title='bbox 369 1606 483 1684; x_wconf 88' lang='lat' dir='ltr'>oculis,</span> <span class='ocrx_word' id='word_1_13' title='bbox 501 1607 599 1687; x_wconf 85' lang='lat' dir='ltr'>plena</span> <span class='ocrx_word' id='word_1_14' title='bbox 615 1604 720 1673; x_wconf 93' lang='lat' dir='ltr'>barba</span> <span class='ocrx_word' id='word_1_15' title='bbox 736 1613 820 1684; x_wconf 85' lang='lat' dir='ltr'>atra,</span> <span class='ocrx_word' id='word_1_16' title='bbox 837 1608 932 1673; x_wconf 75' lang='lat' dir='ltr'>comi</span> <span class='ocrx_word' id='word_1_17' title='bbox 955 1605 1029 1673; x_wconf 86' lang='lat' dir='ltr'>fere</span> <span class='ocrx_word' id='word_1_18' title='bbox 1056 1604 1129 1686; x_wconf 86' lang='lat' dir='ltr'><strong>pice</strong></span> <span class='ocrx_word' id='word_1_19' title='bbox 1155 1604 1260 1687; x_wconf 84' lang='lat' dir='ltr'>nigri·</span> 
     </span>
     <span class='ocr_line' id='line_1_4' title="bbox 256 1703 1257 1786; baseline 0.001 -14"><span class='ocrx_word' id='word_1_20' title='bbox 256 1706 304 1773; x_wconf 91' lang='lat' dir='ltr'>ori</span> <span class='ocrx_word' id='word_1_21' title='bbox 323 1706 503 1786; x_wconf 80' lang='lat' dir='ltr'>—capillis</span> <span class='ocrx_word' id='word_1_22' title='bbox 529 1727 615 1786; x_wconf 82' lang='lat' dir='ltr'>none</span> <span class='ocrx_word' id='word_1_23' title='bbox 639 1705 808 1773; x_wconf 86' lang='lat' dir='ltr'>auriculas</span> <span class='ocrx_word' id='word_1_24' title='bbox 830 1705 877 1772; x_wconf 81' lang='lat' dir='ltr'>ita</span> <span class='ocrx_word' id='word_1_25' title='bbox 898 1705 1070 1785; x_wconf 89' lang='lat' dir='ltr'>cincinnis,</span> <span class='ocrx_word' id='word_1_26' title='bbox 1086 1712 1126 1772; x_wconf 89' lang='lat' dir='ltr'>ut</span> <span class='ocrx_word' id='word_1_27' title='bbox 1142 1703 1257 1774; x_wconf 88' lang='lat' dir='ltr'>minus</span> 
     </span>
     <span class='ocr_line' id='line_1_5' title="bbox 257 1803 1260 1887; baseline 0 -15"><span class='ocrx_word' id='word_1_28' title='bbox 257 1828 358 1887; x_wconf 83' lang='lat' dir='ltr'>quam</span> <span class='ocrx_word' id='word_1_29' title='bbox 387 1805 643 1872; x_wconf 83' lang='lat' dir='ltr'>fascinatorium</span> <span class='ocrx_word' id='word_1_30' title='bbox 668 1806 836 1887; x_wconf 84' lang='lat' dir='ltr'>appellare</span> <span class='ocrx_word' id='word_1_31' title='bbox 861 1804 952 1873; x_wconf 90' lang='lat' dir='ltr'>haud</span> <span class='ocrx_word' id='word_1_32' title='bbox 975 1805 1084 1873; x_wconf 89' lang='lat' dir='ltr'>ausim</span> <span class='ocrx_word' id='word_1_33' title='bbox 1100 1839 1141 1848; x_wconf 91' lang='lat'>—</span> <span class='ocrx_word' id='word_1_34' title='bbox 1157 1803 1260 1886; x_wconf 86' lang='lat' dir='ltr'>speci·</span> 
     </span>
     <span class='ocr_line' id='line_1_6' title="bbox 257 1903 1259 1986; baseline 0 -14"><span class='ocrx_word' id='word_1_35' title='bbox 257 1928 310 1972; x_wconf 90' lang='lat' dir='ltr'>em</span> <span class='ocrx_word' id='word_1_36' title='bbox 328 1905 501 1986; x_wconf 78' lang='lat' dir='ltr'>praebebat</span> <span class='ocrx_word' id='word_1_37' title='bbox 518 1905 691 1972; x_wconf 85' lang='lat' dir='ltr'>immensae</span> <span class='ocrx_word' id='word_1_38' title='bbox 707 1913 742 1972; x_wconf 89' lang='lat' dir='ltr'>et</span> <span class='ocrx_word' id='word_1_39' title='bbox 758 1904 961 1973; x_wconf 88' lang='lat' dir='ltr'>incredibilis</span> <span class='ocrx_word' id='word_1_40' title='bbox 975 1903 1155 1972; x_wconf 80' lang='lat' dir='ltr'>virilitatis</span> <span class='ocrx_word' id='word_1_41' title='bbox 1186 1903 1259 1972; x_wconf 84' lang='lat' dir='ltr'>Nec</span> 
     </span>
     <span class='ocr_line' id='line_1_7' title="bbox 256 2003 1261 2085; baseline 0 -13"><span class='ocrx_word' id='word_1_42' title='bbox 256 2006 373 2072; x_wconf 86' lang='lat' dir='ltr'>aberat</span> <span class='ocrx_word' id='word_1_43' title='bbox 391 2005 423 2072; x_wconf 90' lang='lat' dir='ltr'>in</span> <span class='ocrx_word' id='word_1_44' title='bbox 440 2005 559 2072; x_wconf 83' lang='lat' dir='ltr'>habitu</span> <span class='ocrx_word' id='word_1_45' title='bbox 575 2005 648 2073; x_wconf 88' lang='lat' dir='ltr'>eius</span> <span class='ocrx_word' id='word_1_46' title='bbox 663 2003 823 2072; x_wconf 91' lang='lat' dir='ltr'>indicium</span> <span class='ocrx_word' id='word_1_47' title='bbox 840 2003 931 2073; x_wconf 88' lang='lat' dir='ltr'>haud</span> <span class='ocrx_word' id='word_1_48' title='bbox 948 2003 1176 2085; x_wconf 82' lang='lat' dir='ltr'>ignorandum</span> <span class='ocrx_word' id='word_1_49' title='bbox 1192 2003 1261 2072; x_wconf 94' lang='lat' dir='ltr'>cul·</span> 
     </span>
     <span class='ocr_line' id='line_1_8' title="bbox 258 2104 1260 2186; baseline 0.002 -15"><span class='ocrx_word' id='word_1_50' title='bbox 258 2115 362 2182; x_wconf 82' lang='lat' dir='ltr'>turae;</span> <span class='ocrx_word' id='word_1_51' title='bbox 379 2113 507 2185; x_wconf 69' lang='lat' dir='ltr'>gestus,</span> <span class='ocrx_word' id='word_1_52' title='bbox 525 2113 665 2186; x_wconf 82' lang='lat' dir='ltr'>totaque</span> <span class='ocrx_word' id='word_1_53' title='bbox 682 2105 827 2172; x_wconf 91' lang='lat' dir='ltr'>hominis</span> <span class='ocrx_word' id='word_1_54' title='bbox 841 2112 982 2172; x_wconf 85' lang='lat' dir='ltr'>externa</span> <span class='ocrx_word' id='word_1_55' title='bbox 998 2105 1125 2186; x_wconf 86' lang='lat' dir='ltr'>speeies</span> <span class='ocrx_word' id='word_1_56' title='bbox 1141 2104 1260 2186; x_wconf 76' lang='lat' dir='ltr'>prode</span> 
     </span>
     <span class='ocr_line' id='line_1_9' title="bbox 259 2203 1260 2286; baseline 0.002 -15"><span class='ocrx_word' id='word_1_57' title='bbox 259 2206 339 2272; x_wconf 81' lang='lat' dir='ltr'>bant</span> <span class='ocrx_word' id='word_1_58' title='bbox 356 2228 434 2273; x_wconf 91' lang='lat' dir='ltr'>eum</span> <span class='ocrx_word' id='word_1_59' title='bbox 451 2206 598 2272; x_wconf 82' lang='lat' dir='ltr'>multum</span> <span class='ocrx_word' id='word_1_60' title='bbox 616 2206 882 2286; x_wconf 82' lang='lat' dir='ltr'>peregrinatum,</span> <span class='ocrx_word' id='word_1_61' title='bbox 907 2204 1016 2273; x_wconf 88' lang='lat' dir='ltr'>muita</span> <span class='ocrx_word' id='word_1_62' title='bbox 1032 2203 1166 2283; x_wconf 89' lang='lat' dir='ltr'>vidisse,</span> <span class='ocrx_word' id='word_1_63' title='bbox 1182 2224 1260 2273; x_wconf 92' lang='lat' dir='ltr'>con·</span> 
     </span>
     <span class='ocr_line' id='line_1_10' title="bbox 257 2304 1259 2385; baseline 0.001 -14"><span class='ocrx_word' id='word_1_64' title='bbox 257 2305 473 2373; x_wconf 78' lang='lat' dir='ltr'>suetudinem</span> <span class='ocrx_word' id='word_1_65' title='bbox 490 2306 687 2383; x_wconf 77' lang='lat' dir='ltr'>multorum,</span> <span class='ocrx_word' id='word_1_66' title='bbox 703 2327 724 2371; x_wconf 92' lang='lat' dir='ltr'>a</span> <span class='ocrx_word' id='word_1_67' title='bbox 739 2327 871 2372; x_wconf 91' lang='lat' dir='ltr'>summo</span> <span class='ocrx_word' id='word_1_68' title='bbox 887 2304 929 2372; x_wconf 90' lang='lat' dir='ltr'>ad</span> <span class='ocrx_word' id='word_1_69' title='bbox 950 2304 1056 2372; x_wconf 89' lang='lat' dir='ltr'>imum</span> <span class='ocrx_word' id='word_1_70' title='bbox 1080 2310 1259 2385; x_wconf 81' lang='lat' dir='ltr'>expertum</span> 
     </span>
     <span class='ocr_line' id='line_1_11' title="bbox 257 2403 1258 2485; baseline 0 -14"><span class='ocrx_word' id='word_1_71' title='bbox 257 2427 340 2482; x_wconf 85' lang='lat' dir='ltr'>esse,</span> <span class='ocrx_word' id='word_1_72' title='bbox 355 2403 526 2471; x_wconf 83' lang='lat' dir='ltr'>homin&#39;em</span> <span class='ocrx_word' id='word_1_73' title='bbox 543 2404 690 2485; x_wconf 86' lang='lat' dir='ltr'>denique</span> <span class='ocrx_word' id='word_1_74' title='bbox 706 2403 777 2471; x_wconf 87' lang='lat' dir='ltr'>haec</span> <span class='ocrx_word' id='word_1_75' title='bbox 794 2404 906 2472; x_wconf 89' lang='lat' dir='ltr'>omnia</span> <span class='ocrx_word' id='word_1_76' title='bbox 928 2403 1130 2485; x_wconf 83' lang='lat' dir='ltr'>arguebant,</span> <span class='ocrx_word' id='word_1_77' title='bbox 1155 2425 1258 2485; x_wconf 85' lang='lat' dir='ltr'>quem</span> 
     </span>
     <span class='ocr_line' id='line_1_12' title="bbox 258 2503 1261 2571; baseline 0.001 -1"><span class='ocrx_word' id='word_1_78' title='bbox 258 2507 290 2570; x_wconf 87' lang='lat' dir='ltr'>in</span> <span class='ocrx_word' id='word_1_79' title='bbox 308 2504 399 2571; x_wconf 89' lang='lat' dir='ltr'>nulla</span> <span class='ocrx_word' id='word_1_80' title='bbox 423 2504 597 2571; x_wconf 84' lang='lat' dir='ltr'>hominum</span> <span class='ocrx_word' id='word_1_81' title='bbox 623 2504 783 2571; x_wconf 87' lang='lat' dir='ltr'>societate</span> <span class='ocrx_word' id='word_1_82' title='bbox 810 2504 957 2571; x_wconf 83' lang='lat' dir='ltr'>alienum</span> <span class='ocrx_word' id='word_1_83' title='bbox 984 2503 1117 2571; x_wconf 82' lang='lat' dir='ltr'>dixeris.</span> <span class='ocrx_word' id='word_1_84' title='bbox 1149 2503 1261 2571; x_wconf 90' lang='lat' dir='ltr'>Nullis</span> 
     </span>
     <span class='ocr_line' id='line_1_13' title="bbox 257 2603 1260 2685; baseline 0.001 -15"><span class='ocrx_word' id='word_1_85' title='bbox 257 2605 410 2684; x_wconf 80' lang='lat' dir='ltr'>profecto</span> <span class='ocrx_word' id='word_1_86' title='bbox 427 2603 539 2671; x_wconf 88' lang='lat' dir='ltr'>verbis</span> <span class='ocrx_word' id='word_1_87' title='bbox 564 2604 649 2671; x_wconf 89' lang='lat' dir='ltr'>meis</span> <span class='ocrx_word' id='word_1_88' title='bbox 675 2604 844 2685; x_wconf 81' lang='lat' dir='ltr'>propriam</span> <span class='ocrx_word' id='word_1_89' title='bbox 872 2604 944 2671; x_wconf 87' lang='lat' dir='ltr'>eins</span> <span class='ocrx_word' id='word_1_90' title='bbox 969 2603 1092 2671; x_wconf 89' lang='lat' dir='ltr'>vividae</span> <span class='ocrx_word' id='word_1_91' title='bbox 1108 2624 1260 2684; x_wconf 84' lang='lat' dir='ltr'>personae</span> 
     </span>
     <span class='ocr_line' id='line_1_14' title="bbox 258 2703 1261 2785; baseline 0.001 -15"><span class='ocrx_word' id='word_1_92' title='bbox 258 2704 438 2783; x_wconf 77' lang='lat' dir='ltr'>imaginem</span> <span class='ocrx_word' id='word_1_93' title='bbox 455 2703 642 2770; x_wconf 79' lang='lat' dir='ltr'>describere</span> <span class='ocrx_word' id='word_1_94' title='bbox 659 2726 697 2770; x_wconf 89' lang='lat' dir='ltr'>ae</span> <span class='ocrx_word' id='word_1_95' title='bbox 714 2704 854 2784; x_wconf 83' lang='lat' dir='ltr'>prodere</span> <span class='ocrx_word' id='word_1_96' title='bbox 872 2725 1027 2784; x_wconf 82' lang='lat' dir='ltr'>possum;</span> <span class='ocrx_word' id='word_1_97' title='bbox 1048 2711 1152 2785; x_wconf 83' lang='lat' dir='ltr'>atque</span> <span class='ocrx_word' id='word_1_98' title='bbox 1168 2703 1261 2785; x_wconf 78' lang='lat' dir='ltr'>inge-</span> 
     </span>
     <span class='ocr_line' id='line_1_15' title="bbox 258 2803 1258 2884; baseline 0.002 -14"><span class='ocrx_word' id='word_1_99' title='bbox 258 2826 324 2870; x_wconf 89' lang='lat' dir='ltr'>nue</span> <span class='ocrx_word' id='word_1_100' title='bbox 341 2805 452 2871; x_wconf 80' lang='lat' dir='ltr'>fateor</span> <span class='ocrx_word' id='word_1_101' title='bbox 469 2827 521 2871; x_wconf 87' lang='lat' dir='ltr'>me</span> <span class='ocrx_word' id='word_1_102' title='bbox 538 2826 557 2871; x_wconf 88' lang='lat' dir='ltr'>a</span> <span class='ocrx_word' id='word_1_103' title='bbox 574 2804 682 2884; x_wconf 87' lang='lat' dir='ltr'>primo</span> <span class='ocrx_word' id='word_1_104' title='bbox 709 2807 866 2884; x_wconf 82' lang='lat' dir='ltr'>aspectus</span> <span class='ocrx_word' id='word_1_105' title='bbox 882 2804 954 2871; x_wconf 86' lang='lat' dir='ltr'>eius</span> <span class='ocrx_word' id='word_1_106' title='bbox 970 2812 1144 2871; x_wconf 86' lang='lat' dir='ltr'>momento</span> <span class='ocrx_word' id='word_1_107' title='bbox 1158 2803 1202 2871; x_wconf 91' lang='lat' dir='ltr'>ab</span> <span class='ocrx_word' id='word_1_108' title='bbox 1217 2826 1258 2872; x_wconf 88' lang='lat' dir='ltr'>eo</span> 
     </span>
     <span class='ocr_line' id='line_1_16' title="bbox 257 2904 1260 2984; baseline 0.001 -15"><span class='ocrx_word' id='word_1_109' title='bbox 257 2904 420 2971; x_wconf 81' lang='lat' dir='ltr'>affectum</span> <span class='ocrx_word' id='word_1_110' title='bbox 438 2912 541 2984; x_wconf 77' lang='lat' dir='ltr'>atque</span> <span class='ocrx_word' id='word_1_111' title='bbox 565 2904 770 2970; x_wconf 80' lang='lat' dir='ltr'>fascinatum</span> <span class='ocrx_word' id='word_1_112' title='bbox 796 2904 910 2971; x_wconf 85' lang='lat' dir='ltr'>fuisse.</span> <span class='ocrx_word' id='word_1_113' title='bbox 944 2904 1114 2972; x_wconf 87' lang='lat' dir='ltr'>Caeterum</span> <span class='ocrx_word' id='word_1_114' title='bbox 1143 2904 1260 2971; x_wconf 88' lang='lat' dir='ltr'>etiam·</span> 
     </span>
     <span class='ocr_line' id='line_1_17' title="bbox 258 3003 1259 3085; baseline 0.001 -15"><span class='ocrx_word' id='word_1_115' title='bbox 258 3025 340 3070; x_wconf 89' lang='lat' dir='ltr'>num</span> <span class='ocrx_word' id='word_1_116' title='bbox 359 3025 433 3070; x_wconf 88' lang='lat' dir='ltr'>sum</span> <span class='ocrx_word' id='word_1_117' title='bbox 452 3005 499 3070; x_wconf 85' lang='lat' dir='ltr'>ita</span> <span class='ocrx_word' id='word_1_118' title='bbox 522 3004 683 3080; x_wconf 56' lang='lat' dir='ltr'>affectum</span> <span class='ocrx_word' id='word_1_119' title='bbox 718 3004 862 3071; x_wconf 82' lang='lat' dir='ltr'>fortasse</span> <span class='ocrx_word' id='word_1_120' title='bbox 892 3003 994 3071; x_wconf 83' lang='lat' dir='ltr'>etiam</span> <span class='ocrx_word' id='word_1_121' title='bbox 1022 3003 1131 3084; x_wconf 81' lang='lat' dir='ltr'>magis</span> <span class='ocrx_word' id='word_1_122' title='bbox 1155 3025 1259 3085; x_wconf 84' lang='lat' dir='ltr'>quam</span> 
     </span>
     <span class='ocr_line' id='line_1_18' title="bbox 258 3102 1259 3184; baseline 0.002 -15"><span class='ocrx_word' id='word_1_123' title='bbox 258 3112 370 3181; x_wconf 84' lang='lat' dir='ltr'>antea,</span> <span class='ocrx_word' id='word_1_124' title='bbox 387 3125 477 3170; x_wconf 90' lang='lat' dir='ltr'>nune</span> <span class='ocrx_word' id='word_1_125' title='bbox 495 3103 551 3170; x_wconf 90' lang='lat' dir='ltr'>ubi</span> <span class='ocrx_word' id='word_1_126' title='bbox 578 3111 649 3170; x_wconf 72' lang='lat' dir='ltr'>tota</span> <span class='ocrx_word' id='word_1_127' title='bbox 676 3103 814 3171; x_wconf 81' lang='lat' dir='ltr'>historia</span> <span class='ocrx_word' id='word_1_128' title='bbox 840 3104 922 3172; x_wconf 91' lang='lat' dir='ltr'>mihi</span> <span class='ocrx_word' id='word_1_129' title='bbox 948 3102 1059 3184; x_wconf 84' lang='lat' dir='ltr'>palam</span> <span class='ocrx_word' id='word_1_130' title='bbox 1084 3110 1136 3170; x_wconf 86' lang='lat' dir='ltr'>est</span> <span class='ocrx_word' id='word_1_131' title='bbox 1161 3109 1259 3171; x_wconf 85' lang='lat' dir='ltr'>—at</span> 
     </span>
     <span class='ocr_line' id='line_1_19' title="bbox 259 3202 465 3269; baseline 0.005 -1"><span class='ocrx_word' id='word_1_132' title='bbox 259 3202 357 3269; x_wconf 91' lang='lat' dir='ltr'>modo</span> <span class='ocrx_word' id='word_1_133' title='bbox 373 3203 465 3269; x_wconf 87' lang='lat' dir='ltr'>scies.</span> 
     </span>
    </p>

    <p class='ocr_par' dir='ltr' id='par_1_3' title="bbox 262 3302 1259 3470">
     <span class='ocr_line' id='line_1_20' title="bbox 342 3302 1259 3384; baseline 0.001 -16"><span class='ocrx_word' id='word_1_134' title='bbox 342 3302 502 3382; x_wconf 70' lang='lat' dir='ltr'>“anglice</span> <span class='ocrx_word' id='word_1_135' title='bbox 529 3303 703 3384; x_wconf 71' lang='lat' dir='ltr'>perine—pte</span> <span class='ocrx_word' id='word_1_136' title='bbox 730 3304 843 3382; x_wconf 81' lang='lat' dir='ltr'>calleo,</span> <span class='ocrx_word' id='word_1_137' title='bbox 870 3302 959 3370; x_wconf 88' lang='lat' dir='ltr'>Here</span> <span class='ocrx_word' id='word_1_138' title='bbox 983 3302 1059 3381; x_wconf 88' lang='lat' dir='ltr'>mi‚&#39;’</span> <span class='ocrx_word' id='word_1_139' title='bbox 1082 3302 1259 3370; x_wconf 83' lang='lat' dir='ltr'>considens</span> 
     </span>
     <span class='ocr_line' id='line_1_21' title="bbox 262 3401 952 3470; baseline 0.003 -2"><span class='ocrx_word' id='word_1_140' title='bbox 262 3423 314 3468; x_wconf 88' lang='lat' dir='ltr'>me</span> <span class='ocrx_word' id='word_1_141' title='bbox 330 3403 466 3469; x_wconf 79' lang='lat' dir='ltr'>affatur.</span> <span class='ocrx_word' id='word_1_142' title='bbox 490 3401 543 3469; x_wconf 83' lang='lat' dir='ltr'>“Si</span> <span class='ocrx_word' id='word_1_143' title='bbox 561 3411 599 3469; x_wconf 92' lang='lat' dir='ltr'>tu</span> <span class='ocrx_word' id='word_1_144' title='bbox 617 3403 680 3470; x_wconf 89' lang='lat' dir='ltr'>scis</span> <span class='ocrx_word' id='word_1_145' title='bbox 697 3402 855 3470; x_wconf 81' lang='lat' dir='ltr'>Francice</span> <span class='ocrx_word' id='word_1_146' title='bbox 873 3456 880 3469; x_wconf 92' lang='lat'><strong>.</strong></span> <span class='ocrx_word' id='word_1_147' title='bbox 898 3456 905 3469; x_wconf 90' lang='lat'><strong>.</strong></span> <span class='ocrx_word' id='word_1_148' title='bbox 924 3403 952 3469; x_wconf 84' lang='lat'>.’&#39;</span> 
     </span>
    </p>

    <p class='ocr_par' dir='ltr' id='par_1_4' title="bbox 257 3501 1260 3768">
     <span class='ocr_line' id='line_1_22' title="bbox 339 3501 1256 3583; baseline 0.001 -15"><span class='ocrx_word' id='word_1_149' title='bbox 339 3502 413 3569; x_wconf 85' lang='lat' dir='ltr'>“Ne</span> <span class='ocrx_word' id='word_1_150' title='bbox 430 3501 567 3568; x_wconf 90' lang='lat' dir='ltr'>dimidio</span> <span class='ocrx_word' id='word_1_151' title='bbox 583 3502 719 3582; x_wconf 84' lang='lat' dir='ltr'>quidem</span> <span class='ocrx_word' id='word_1_152' title='bbox 737 3511 881 3581; x_wconf 86' lang='lat' dir='ltr'>tuntum,</span> <span class='ocrx_word' id='word_1_153' title='bbox 899 3509 1067 3583; x_wconf 82' lang='lat' dir='ltr'>quantum</span> <span class='ocrx_word' id='word_1_154' title='bbox 1085 3509 1122 3570; x_wconf 87' lang='lat' dir='ltr'>tu</span> <span class='ocrx_word' id='word_1_155' title='bbox 1139 3501 1256 3583; x_wconf 84' lang='lat' dir='ltr'>Angli·</span> 
     </span>
     <span class='ocr_line' id='line_1_23' title="bbox 257 3601 1260 3684; baseline 0.001 -16"><span class='ocrx_word' id='word_1_156' title='bbox 257 3602 325 3679; x_wconf 87' lang='lat' dir='ltr'>ce,”</span> <span class='ocrx_word' id='word_1_157' title='bbox 344 3601 499 3668; x_wconf 82' lang='lat' dir='ltr'>renidens</span> <span class='ocrx_word' id='word_1_158' title='bbox 515 3602 679 3683; x_wconf 80' lang='lat' dir='ltr'>respondi.</span> <span class='ocrx_word' id='word_1_159' title='bbox 703 3601 795 3671; x_wconf 83' lang='lat' dir='ltr'>“Hoc</span> <span class='ocrx_word' id='word_1_160' title='bbox 812 3602 877 3670; x_wconf 91' lang='lat' dir='ltr'>iarn</span> <span class='ocrx_word' id='word_1_161' title='bbox 894 3602 1000 3684; x_wconf 78' lang='lat' dir='ltr'>prima</span> <span class='ocrx_word' id='word_1_162' title='bbox 1016 3605 1076 3670; x_wconf 81' lang='lat' dir='ltr'>tua</span> <span class='ocrx_word' id='word_1_163' title='bbox 1092 3601 1260 3670; x_wconf 81' lang='lat' dir='ltr'>sententia</span> 
     </span>
     <span class='ocr_line' id='line_1_24' title="bbox 257 3702 485 3768; baseline -0.004 0"><span class='ocrx_word' id='word_1_164' title='bbox 257 3702 385 3768; x_wconf 83' lang='lat' dir='ltr'>ciorum</span> <span class='ocrx_word' id='word_1_165' title='bbox 403 3703 485 3768; x_wconf 81' lang='lat' dir='ltr'>est.’&#39;</span> 
     </span>
    </p>

    <p class='ocr_par' dir='ltr' id='par_1_5' title="bbox 257 3801 1260 4182">
     <span class='ocr_line' id='line_1_25' title="bbox 341 3801 1259 3883; baseline 0.001 -15"><span class='ocrx_word' id='word_1_166' title='bbox 341 3802 394 3868; x_wconf 87' lang='lat' dir='ltr'>“Si</span> <span class='ocrx_word' id='word_1_167' title='bbox 411 3802 456 3869; x_wconf 91' lang='lat' dir='ltr'>sie</span> <span class='ocrx_word' id='word_1_168' title='bbox 474 3824 526 3868; x_wconf 93' lang='lat' dir='ltr'>res</span> <span class='ocrx_word' id='word_1_169' title='bbox 542 3824 577 3868; x_wconf 87' lang='lat' dir='ltr'>se</span> <span class='ocrx_word' id='word_1_170' title='bbox 594 3801 728 3881; x_wconf 82' lang='lat' dir='ltr'>habeat,</span> <span class='ocrx_word' id='word_1_171' title='bbox 744 3803 883 3870; x_wconf 80' lang='lat' dir='ltr'>tentabo</span> <span class='ocrx_word' id='word_1_172' title='bbox 910 3811 948 3870; x_wconf 92' lang='lat' dir='ltr'>ut</span> <span class='ocrx_word' id='word_1_173' title='bbox 973 3802 1141 3883; x_wconf 86' lang='lat' dir='ltr'>possum‚”</span> <span class='ocrx_word' id='word_1_174' title='bbox 1163 3802 1259 3870; x_wconf 81' lang='lat' dir='ltr'>fatur</span> 
     </span>
     <span class='ocr_line' id='line_1_26' title="bbox 258 3901 1257 3984; baseline 0.003 -17"><span class='ocrx_word' id='word_1_175' title='bbox 258 3901 445 3979; x_wconf 87' lang='lat' dir='ltr'>subridens,</span> <span class='ocrx_word' id='word_1_176' title='bbox 474 3902 733 3984; x_wconf 85' lang='lat' dir='ltr'>“erroribusque</span> <span class='ocrx_word' id='word_1_177' title='bbox 761 3904 922 3984; x_wconf 79' lang='lat' dir='ltr'>ignosces,</span> <span class='ocrx_word' id='word_1_178' title='bbox 957 3902 1109 3970; x_wconf 90' lang='lat' dir='ltr'>Primum</span> <span class='ocrx_word' id='word_1_179' title='bbox 1140 3902 1257 3983; x_wconf 78' lang='lat' dir='ltr'>igitur,</span> 
     </span>
     <span class='ocr_line' id='line_1_27' title="bbox 258 4001 1260 4082; baseline 0.003 -15"><span class='ocrx_word' id='word_1_180' title='bbox 258 4001 346 4068; x_wconf 88' lang='lat' dir='ltr'>Here</span> <span class='ocrx_word' id='word_1_181' title='bbox 365 4001 492 4079; x_wconf 78' lang='lat' dir='ltr'>Lester,</span> <span class='ocrx_word' id='word_1_182' title='bbox 508 4024 549 4068; x_wconf 88' lang='lat' dir='ltr'>ex</span> <span class='ocrx_word' id='word_1_183' title='bbox 566 4012 661 4081; x_wconf 81' lang='lat' dir='ltr'>narie</span> <span class='ocrx_word' id='word_1_184' title='bbox 679 4003 829 4070; x_wconf 81' lang='lat' dir='ltr'>Armand</span> <span class='ocrx_word' id='word_1_185' title='bbox 846 4011 879 4070; x_wconf 86' lang='lat' dir='ltr'>et</span> <span class='ocrx_word' id='word_1_186' title='bbox 898 4002 964 4069; x_wconf 86' lang='lat' dir='ltr'>Fils</span> <span class='ocrx_word' id='word_1_187' title='bbox 978 4010 1137 4082; x_wconf 85' lang='lat' dir='ltr'>rogatum</span> <span class='ocrx_word' id='word_1_188' title='bbox 1154 4010 1187 4070; x_wconf 88' lang='lat' dir='ltr'>te</span> <span class='ocrx_word' id='word_1_189' title='bbox 1210 4023 1260 4070; x_wconf 87' lang='lat' dir='ltr'>es·</span> 
     </span>
     <span class='ocr_line' id='line_1_28' title="bbox 257 4101 1102 4182; baseline 0.001 -15"><span class='ocrx_word' id='word_1_190' title='bbox 257 4123 292 4167; x_wconf 90' lang='lat' dir='ltr'>se</span> <span class='ocrx_word' id='word_1_191' title='bbox 309 4101 419 4180; x_wconf 86' lang='lat' dir='ltr'>velim,</span> <span class='ocrx_word' id='word_1_192' title='bbox 437 4111 474 4168; x_wconf 85' lang='lat' dir='ltr'>ut</span> <span class='ocrx_word' id='word_1_193' title='bbox 492 4123 640 4169; x_wconf 91' lang='lat' dir='ltr'>errorem</span> <span class='ocrx_word' id='word_1_194' title='bbox 659 4111 728 4169; x_wconf 87' lang='lat' dir='ltr'>tarn</span> <span class='ocrx_word' id='word_1_195' title='bbox 744 4124 885 4182; x_wconf 84' lang='lat' dir='ltr'>gravem</span> <span class='ocrx_word' id='word_1_196' title='bbox 902 4101 1102 4170; x_wconf 87' lang='lat' dir='ltr'>condones.”</span> 
     </span>
    </p>

    <p class='ocr_par' dir='ltr' id='par_1_6' title="bbox 341 4201 1259 4283">
     <span class='ocr_line' id='line_1_29' title="bbox 341 4201 1259 4283; baseline 0.003 -16"><span class='ocrx_word' id='word_1_197' title='bbox 341 4201 538 4268; x_wconf 79' lang='lat' dir='ltr'>“Reverone</span> <span class='ocrx_word' id='word_1_198' title='bbox 555 4224 615 4282; x_wconf 83' lang='lat' dir='ltr'>per</span> <span class='ocrx_word' id='word_1_199' title='bbox 631 4224 779 4269; x_wconf 92' lang='lat' dir='ltr'>errorem</span> <span class='ocrx_word' id='word_1_200' title='bbox 797 4201 828 4269; x_wconf 95' lang='lat' dir='ltr'>id</span> <span class='ocrx_word' id='word_1_201' title='bbox 845 4203 976 4269; x_wconf 81' lang='lat' dir='ltr'>iactum</span> <span class='ocrx_word' id='word_1_202' title='bbox 1004 4211 1056 4270; x_wconf 82' lang='lat' dir='ltr'>est</span> <span class='ocrx_word' id='word_1_203' title='bbox 1066 4203 1101 4270; x_wconf 86' lang='lat'>?”</span> <span class='ocrx_word' id='word_1_204' title='bbox 1129 4223 1259 4283; x_wconf 87' lang='lat' dir='ltr'>quaero.</span> 
     </span>
    </p>

    <p class='ocr_par' dir='ltr' id='par_1_7' title="bbox 255 4301 1261 4686">
     <span class='ocr_line' id='line_1_30' title="bbox 341 4301 1261 4380; baseline 0.003 -13"><span class='ocrx_word' id='word_1_205' title='bbox 341 4301 426 4368; x_wconf 86' lang='lat' dir='ltr'>“Per</span> <span class='ocrx_word' id='word_1_206' title='bbox 443 4323 601 4380; x_wconf 88' lang='lat' dir='ltr'>errorem,</span> <span class='ocrx_word' id='word_1_207' title='bbox 615 4303 710 4369; x_wconf 90' lang='lat' dir='ltr'>nobis</span> <span class='ocrx_word' id='word_1_208' title='bbox 721 4302 903 4370; x_wconf 90' lang='lat' dir='ltr'>admodum</span> <span class='ocrx_word' id='word_1_209' title='bbox 916 4302 1175 4370; x_wconf 89' lang='lat' dir='ltr'>incommodum.</span> <span class='ocrx_word' id='word_1_210' title='bbox 1189 4302 1261 4370; x_wconf 88' lang='lat' dir='ltr'>Nec</span> 
     </span>
     <span class='ocr_line' id='line_1_31' title="bbox 256 4401 1260 4482; baseline 0.004 -16"><span class='ocrx_word' id='word_1_211' title='bbox 256 4403 313 4480; x_wconf 79' lang='lat' dir='ltr'>qui</span> <span class='ocrx_word' id='word_1_212' title='bbox 331 4401 362 4467; x_wconf 88' lang='lat' dir='ltr'>id</span> <span class='ocrx_word' id='word_1_213' title='bbox 381 4402 512 4468; x_wconf 79' lang='lat' dir='ltr'>factum</span> <span class='ocrx_word' id='word_1_214' title='bbox 529 4402 571 4468; x_wconf 87' lang='lat' dir='ltr'>sit</span> <span class='ocrx_word' id='word_1_215' title='bbox 586 4403 718 4469; x_wconf 89' lang='lat' dir='ltr'>scimus.</span> <span class='ocrx_word' id='word_1_216' title='bbox 738 4402 817 4469; x_wconf 86' lang='lat' dir='ltr'>Mihi</span> <span class='ocrx_word' id='word_1_217' title='bbox 835 4403 943 4482; x_wconf 89' lang='lat' dir='ltr'>crede,</span> <span class='ocrx_word' id='word_1_218' title='bbox 961 4403 1006 4470; x_wconf 92' lang='lat' dir='ltr'>mi</span> <span class='ocrx_word' id='word_1_219' title='bbox 1024 4402 1113 4470; x_wconf 87' lang='lat' dir='ltr'>Here</span> <span class='ocrx_word' id='word_1_220' title='bbox 1131 4402 1260 4481; x_wconf 82' lang='lat' dir='ltr'>Lester,</span> 
     </span>
     <span class='ocr_line' id='line_1_32' title="bbox 256 4502 1260 4581; baseline 0.003 -13"><span class='ocrx_word' id='word_1_221' title='bbox 256 4523 322 4568; x_wconf 89' lang='lat' dir='ltr'>uon</span> <span class='ocrx_word' id='word_1_222' title='bbox 350 4523 422 4568; x_wconf 90' lang='lat' dir='ltr'>esse</span> <span class='ocrx_word' id='word_1_223' title='bbox 450 4511 604 4570; x_wconf 74' lang='lat' dir='ltr'>nostrum</span> <span class='ocrx_word' id='word_1_224' title='bbox 631 4525 762 4570; x_wconf 88' lang='lat' dir='ltr'>errores</span> <span class='ocrx_word' id='word_1_225' title='bbox 792 4504 1022 4581; x_wconf 82' lang='lat' dir='ltr'>committere;</span> <span class='ocrx_word' id='word_1_226' title='bbox 1054 4503 1189 4571; x_wconf 88' lang='lat' dir='ltr'>nomine</span> <span class='ocrx_word' id='word_1_227' title='bbox 1212 4502 1260 4571; x_wconf 83' lang='lat' dir='ltr'>ita</span> 
     </span>
     <span class='ocr_line' id='line_1_33' title="bbox 255 4602 1258 4686; baseline 0.003 -18"><span class='ocrx_word' id='word_1_228' title='bbox 255 4603 432 4680; x_wconf 87' lang='lat' dir='ltr'>claremus,</span> <span class='ocrx_word' id='word_1_229' title='bbox 449 4611 488 4670; x_wconf 79' lang='lat' dir='ltr'>ut</span> <span class='ocrx_word' id='word_1_230' title='bbox 504 4603 591 4670; x_wconf 77' lang='lat' dir='ltr'>iuste</span> <span class='ocrx_word' id='word_1_231' title='bbox 607 4602 704 4671; x_wconf 85' lang='lat' dir='ltr'>liceat</span> <span class='ocrx_word' id='word_1_232' title='bbox 721 4603 817 4672; x_wconf 93' lang='lat' dir='ltr'>nobis</span> <span class='ocrx_word' id='word_1_233' title='bbox 832 4603 1026 4686; x_wconf 84' lang='lat' dir='ltr'>superbire;</span> <span class='ocrx_word' id='word_1_234' title='bbox 1042 4624 1163 4672; x_wconf 89' lang='lat' dir='ltr'>verum</span> <span class='ocrx_word' id='word_1_235' title='bbox 1179 4624 1258 4672; x_wconf 92' lang='lat' dir='ltr'>area</span> 
     </span>
    </p>
   </div>
   <div class='ocr_carea' id='block_1_3' title="bbox 0 0 1580 5468">
    <p class='ocr_par' dir='ltr' id='par_1_8' title="bbox 0 0 1580 5468">
     <span class='ocr_line' id='line_1_34' title="bbox 0 0 1580 5468; baseline 0 0"><span class='ocrx_word' id='word_1_236' title='bbox 0 0 1580 5468; x_wconf 95' lang='lat' dir='ltr'> </span> 
     </span>
    </p>
   </div>
  </div>
 </body>
</html>
