3128 5016
278 804 342 872 244
539 821 755 878 rrvsrmnnr
775 822 886 877 anca
905 816 1025 879 noma

278 988 381 1057 rebus
393 990 500 1071 gestis
515 989 770 1073 Gargantuanis
783 992 888 1060 buius
912 991 1085 1061 Crochard
1100 992 1136 1061 in
1151 990 1288 1061 diurnis

279 1089 393 1157 relatis
406 1111 640 1172 saepenumero
656 1092 722 1174 legi
738 1127 778 1136 -
793 1092 836 1161 de
857 1092 1101 1173 “luvirrcibili,”
1126 1102 1169 1163 ut
1191 1113 1231 1161 se
1252 1090 1289 1160 li·

277 1189 398 1258 benter
412 1212 534 1259 vocare
548 1192 736 1273 consuevit,
751 1215 814 1262 nec
828 1193 902 1262 sine
916 1194 1008 1263 iusta
1017 1214 1131 1263 causa.
1142 1192 1289 1262 Verum·

279 1298 394 1359 tamen
410 1311 483 1358 suae
498 1312 553 1360 res
567 1300 684 1373 gestae,
706 1293 827 1362 saltem
842 1293 877 1361 in
893 1300 1064 1376 quantum
1078 1314 1130 1363 ω
1144 1293 1180 1362 in
1194 1292 1289 1361 diur-

278 1391 332 1459 nis
346 1389 589 1472 recitabantur,
605 1392 654 1461 ita
668 1393 797 1462 inflatae
811 1402 847 1462 et
861 1394 1038 1463 ementita
1051 1392 1231 1477 parebant,
1246 1400 1288 1461 ut

279 1491 408 1561 nullam
432 1494 534 1563 fidem
560 1502 782 1562 mererentur.
813 1494 887 1576 Ego
912 1494 1033 1563 saltem
1057 1494 1127 1563 iam
1151 1492 1286 1562 dudum

281 1594 477 1676 suspicabar
491 1616 572 1663 cum
586 1594 668 1662 nihil
684 1595 748 1663 nisi
763 1594 968 1677 figmentum
982 1616 1056 1663 esse
1065 1594 1287 1677 scripturien-

281 1693 369 1762 tium
384 1694 629 1763 Parisiacorum
645 1695 785 1763 lacunas
809 1694 1020 1777 explentium
1045 1694 1154 1763 veluti
1180 1693 1289 1777 quod·

281 1792 360 1862 dam
375 1816 477 1876 penu,
493 1816 555 1877 pro
570 1794 720 1863 siccitate
745 1802 1010 1877 praeservatum
1031 1802 1094 1863 aut
1107 1816 1192 1863 vero
1205 1814 1288 1863 eum

282 1914 393 1975 genus
407 1917 480 1964 esse
495 1895 578 1963 hirci
594 1895 767 1975 emissarii,
782 1895 837 1964 cui
853 1895 992 1964 decuria
1014 1894 1145 1964 lictoria
1167 1894 1290 1963 Parisi-

282 2016 343 2062 aca
357 2003 480 2064 cuncta
495 1995 656 2075 facinora,
672 1995 797 2077 quibus
811 1995 970 2064 eruendis
983 1995 1056 2078 ipsa
1066 1995 1177 2077 impar
1187 2002 1288 2075 esset,

283 2095 390 2163 veluti
406 2095 571 2164 sarcinam
587 2104 783 2178 congestam
799 2096 929 2178 illigare
943 2096 1042 2165 solita
1055 2094 1109 2164 sit.
1131 2094 1180 2163 At
1194 2114 1288 2163 nunc

282 2193 350 2262 iam
366 2195 534 2264 Crochard
551 2195 604 2264 ille
620 2218 740 2265 revera
755 2196 917 2264 exsistere
936 2195 1135 2274 videbatur;
1157 2193 1290 2263 litteras

284 2295 358 2364 eius
372 2296 457 2364 meis
471 2295 629 2365 tenebam
645 2296 821 2375 manibus;
842 2296 926 2378 quin
941 2304 1071 2364 etcum
1090 2316 1131 2364 eo
1145 2294 1290 2363 collocu-

284 2403 342 2464 tus
356 2418 450 2465 eram
466 2431 506 2441 -
521 2404 557 2465 et
571 2403 613 2465 ut
627 2417 720 2464 nunc
735 2396 856 2464 miram
871 2395 978 2464 civilis
992 2416 1032 2463 ac
1047 2393 1142 2477 politi
1169 2394 1290 2463 Felicis

284 2496 434 2565 Armand
450 2496 671 2565 conversandi
686 2496 891 2564 suavitatem
906 2495 941 2563 in
957 2502 1108 2563 mentem
1118 2492 1290 2573 revocavi,

282 2598 430 2680 aliquam
445 2604 577 2679 partem
592 2596 827 2665 insolitissimae
842 2596 916 2665 eius
936 2595 1041 2664 famae
1063 2593 1213 2677 denique
1238 2594 1289 2663 in·

284 2697 436 2779 telligere
458 2698 553 2779 coepi.

369 2797 481 2866 “Nihil
497 2797 595 2866 deco
609 2796 735 2879 ambigi
751 2796 893 2879 potest,”
909 2795 1020 2877 inquit
1035 2793 1198 2877 Godirey,
1218 2816 1292 2863 ma·

286 2921 370 2968 num
385 2898 428 2967 ad
445 2897 651 2979 recipiendas
666 2897 797 2965 litteras
811 2896 998 2979 porrigens,
1013 2903 1050 2964 et
1072 2894 1116 2963 ad
1139 2902 1291 2963 contem·

286 2999 426 3082 plandas
441 3020 499 3067 eas
513 2999 547 3066 in
564 2998 644 3066 sella
659 2997 833 3066 reclinans
859 2994 1049 3066 “Crochard
1064 3016 1158 3064 unus
1171 3002 1225 3065 est
1239 2996 1292 3065 fa·

287 3100 550 3169 mosissimorum
578 3098 636 3180 qui
653 3120 807 3179 unquam
832 3097 994 3166 vixerunt
1018 3095 1292 3176 malefactorum,

287 3200 475 3283 phantasiae
502 3199 846 3279 adiumentorumque
877 3195 1148 3277 referetissimus,
1173 3195 1235 3278 qui
1255 3202 1293 3265 et

287 3303 400 3383 lepore
415 3300 505 3368 cluet
521 3299 724 3368 acutissimo.
741 3298 806 3367 Per
821 3319 928 3366 annos
942 3318 1010 3365 non
1025 3294 1140 3365 destiti
1154 3294 1230 3365 cius
1243 3294 1295 3365 vi·

287 3410 333 3470 tae
348 3400 522 3480 rationem,
538 3408 578 3468 ut
594 3399 715 3468 litteris
738 3398 955 3480 prodebatur,
971 3394 1154 3465 lectitando
1179 3416 1293 3479 prose·
1367 3452 1370 3459 .

289 3501 348 3584 qui
364 3536 404 3544 -
420 3508 523 3581 atque
538 3500 616 3568 inde
633 3499 775 3581 primam
786 3498 1006 3581 suspitionem
1016 3516 1203 3578 ausamque
1214 3516 1293 3565 surn

288 3609 419 3670 nactus.
443 3601 518 3683 lpse
534 3600 601 3669 iam
616 3608 718 3668 antea
733 3598 904 3667 hominem
928 3596 1059 3677 occidit,
1081 3595 1131 3665 ita
1145 3602 1185 3665 ut
1200 3595 1295 3666 hunc

288 3701 464 3771 occiderat.
488 3702 520 3770 ls
534 3723 614 3770 eum
630 3699 776 3769 decuriae
791 3698 994 3781 prodiderat.
1026 3696 1216 3779 Nunquam
1231 3695 1295 3765 ite·

290 3827 367 3875 rum
384 3802 539 3885 proditus
554 3801 636 3870 est.”

373 3904 571 3987 “Quantum
602 3900 790 3969 damonem
824 3921 904 3968 eum
934 3920 1007 3967 eme
1036 3917 1173 3967 necesse
1201 3894 1294 3967 estl’

289 4004 550 4076 contremiscens
564 4000 760 4071 exclamavi.

375 4106 422 4177 At
437 4105 589 4189 Godfrey
604 4103 714 4186 capite
729 4103 797 4172 cito
812 4100 936 4171 renuit
