3150 5468
282 1217 344 1288 194
543 1232 753 1289 uvsruruuu
774 1235 881 1288 noca
903 1229 1022 1291 soors

281 1401 364 1470 hero
389 1401 541 1471 Annand
564 1403 849 1485 praestolaturum.
880 1404 957 1472 Non
984 1412 1099 1474 tamen
1123 1406 1168 1474 ibi
1190 1415 1281 1488 erat;

282 1522 390 1583 quum
406 1524 488 1571 vero
503 1525 524 1571 a
538 1502 646 1571 Parks
661 1503 847 1573 sciscitarer
871 1506 980 1586 reperi
1003 1527 1082 1574 eum
1108 1528 1150 1574 ex
1176 1508 1282 1589 pridie

280 1623 361 1670 eum
376 1601 441 1671 illic
456 1624 524 1671 non
539 1603 655 1672 fuisse.

366 1702 463 1771 Mens
478 1702 630 1786 Godfrey
645 1726 728 1786 erga
743 1726 856 1773 arcam
882 1712 1026 1786 mutata,
1051 1707 1172 1787 fateor,
1199 1707 1282 1776 mihi

282 1801 467 1872 admodum
482 1804 568 1872 mira
582 1804 781 1885 videbatur;
798 1811 965 1886 praeterea
976 1806 1077 1874 etiam
1092 1806 1282 1884 existimavi

282 1923 364 1971 eum
378 1902 477 1972 enixe
491 1925 615 1986 cupere
631 1905 791 1973 eximium
808 1905 898 1974 hunc
919 1906 1087 1974 Francum
1103 1907 1284 1976 convenire

284 2001 381 2072 velle.
404 2003 437 2072 ls
451 2025 534 2073 vero
558 2005 677 2087 gratiis
702 2005 801 2073 hodie
823 2005 926 2074 etiam
953 2006 1063 2089 magis
1088 2006 1284 2076 abundabat

284 2123 388 2183 uuam
403 2102 457 2173 die
474 2104 590 2186 Lunae,
606 2112 641 2173 et
656 2126 711 2173 me
725 2127 804 2173 mox
818 2105 863 2173 illi
880 2105 979 2188 plane
990 2106 1169 2175 subactum
1185 2107 1283 2176 sensi.

284 2202 324 2272 ln
338 2224 416 2273 arca
431 2226 452 2273 a
466 2204 547 2273 navi
562 2205 761 2274 devehenda
775 2206 878 2273 etiam
894 2205 1007 2274 minus
1029 2227 1135 2275 morae
1158 2208 1285 2289 reperit

284 2324 388 2385 quam
404 2304 659 2387 anticipaverat,
683 2327 745 2374 nec
767 2306 846 2374 ullae
861 2306 894 2373 in
911 2307 1060 2388 portoria
1074 2306 1186 2375 obices
1200 2307 1286 2389 posi·

284 2411 331 2474 tae
344 2426 425 2475 eum
440 2405 668 2486 retardarunt,
693 2406 832 2487 proinde
853 2428 897 2474 ne
927 2406 1028 2474 tertia
1052 2406 1189 2488 quidem
1210 2414 1285 2476 erat

284 2505 368 2575 hora
383 2527 491 2589 quum
506 2505 549 2575 ad
566 2505 705 2575 domum
721 2506 867 2574 Vantine
883 2505 1093 2575 advenimus.

368 2605 519 2676 “Herum
535 2606 686 2687 Godfrey
700 2628 767 2675 non
783 2606 883 2687 vidi,”
906 2607 1073 2687 quaerenti
1084 2606 1165 2675 mihi
1178 2607 1286 2676 Parks

284 2707 466 2792 respondit,
483 2705 540 2776 “at
554 2715 636 2776 sunt
658 2707 711 2776 hic
737 2706 793 2774 alii
817 2728 903 2788 quos
918 2706 970 2775 hic
984 2707 1196 2789 conspexisse
1217 2729 1289 2776 ma·

284 2830 353 2892 gno
368 2808 431 2878 tuli
448 2808 591 2878 dolore.’'

369 2909 431 2978 His
445 2908 544 2978 dictis
558 2907 775 2977 musicarium
791 2906 897 2989 digito
908 2906 1079 2987 indicavit,
1094 2927 1163 2988 quo
1178 2929 1287 2989 quum

285 3009 419 3092 accessi,
434 3009 663 3078 inventarium
679 3007 796 3077 confici
813 3006 892 3075 vidi.
905 3007 1087 3075 Factorum
1103 3007 1288 3089 praefectus

285 3110 396 3194 capite
411 3132 465 3179 me
481 3109 653 3190 salutavit,
670 3108 727 3177 sed
743 3129 808 3190 ego
822 3129 889 3175 non
911 3107 1046 3188 intravi,
1063 3128 1117 3176 res
1132 3107 1222 3176 enim
1238 3107 1288 3176 vi·

286 3234 326 3281 su
343 3210 427 3281 mihi
442 3231 606 3293 perquam
622 3216 696 3277 erat
708 3208 852 3289 ingrata.

370 3311 479 3382 “Arca
494 3311 529 3379 in
544 3310 697 3379 cubiculo
712 3317 807 3376 trans
832 3306 998 3375 ambitum
1024 3307 1107 3388 est,''
1134 3307 1286 3390 alloquor

286 3414 408 3484 herum
423 3411 585 3492 Armand,
601 3419 703 3490 atque
718 3415 937 3489 antegressus
958 3428 1037 3475 eum
1053 3429 1113 3488 per
1127 3409 1286 3476 conclave

285 3515 322 3583 in
336 3513 537 3596 contiguum
552 3510 746 3580 cubiculum
762 3508 898 3577 deduxi.

370 3614 510 3684 Interim
527 3610 634 3680 Parks
649 3609 777 3677 lumina
791 3608 888 3676 nobis
903 3605 1079 3689 provertit,
1104 3628 1212 3688 quum
1235 3629 1288 3676 co-

286 3738 359 3786 mes
373 3736 471 3784 meus
485 3714 599 3782 oculos
613 3711 648 3779 in
668 3710 760 3778 foros
785 3709 947 3777 fenestrae
971 3707 1101 3789 ligneos
1123 3707 1288 3777 emiratus

285 3821 463 3984 convitiis
477 3913 588 3996 gratia
603 3912 721 3980 tutelae
736 3933 793 3979 eos
808 3907 1056 3991 apposuimus,'’
1071 3907 1170 3976 docui
1196 3929 1286 3977 eum.

286 4016 395 4087 “Fieri
419 4015 510 4085 enim
533 4035 630 4096 posse
656 4011 853 4093 putavimus
879 4016 918 4077 ut
943 4008 1065 4090 aliquis
1093 4008 1287 4089 ingressum

286 4123 444 4189 tentaret.
468 4115 623 4196 Quodam
639 4111 771 4194 vesperi
787 4133 848 4179 nos
863 4131 982 4178 revera
1008 4109 1195 4191 reperimus
1220 4116 1288 4178 tor·

286 4219 355 4302 tile,
371 4217 463 4302 quod
479 4215 710 4285 excitabulum
724 4211 933 4296 praedonium
959 4210 1081 4291 iungit,
1096 4208 1288 4292 praecisum,

285 4327 403 4415 postea
417 4325 535 4388 autem
560 4315 707 4384 vidimus
734 4312 836 4381 etiam
863 4311 1009 4392 aliquem
1033 4310 1097 4379 illic
1121 4331 1182 4392 per
1196 4310 1288 4379 fora·

285 4443 364 4490 men
379 4441 442 4489 nos
458 4416 657 4501 speculari.’'

368 4518 478 4605 “Quid
492 4517 586 4588 ais?”
602 4516 706 4585 herus
721 4511 873 4583 Armand
888 4511 955 4580 cito
971 4511 1104 4595 quaerit.
