<?xml version="1.0" encoding="UTF-8"?>
<!DOCTYPE html PUBLIC "-//W3C//DTD XHTML 1.0 Transitional//EN"
    "http://www.w3.org/TR/xhtml1/DTD/xhtml1-transitional.dtd">
<html xmlns="http://www.w3.org/1999/xhtml" xml:lang="en" lang="en">
 <head>
  <title>
</title>
<meta http-equiv="Content-Type" content="text/html;charset=utf-8" />
  <meta name='ocr-system' content='tesseract 3.04.00' />
  <meta name='ocr-capabilities' content='ocr_page ocr_carea ocr_par ocr_line ocrx_word'/>
</head>
<body>
  <div class='ocr_page' id='page_1' title='image "./mysteriumarcbou00stevgoog/mysteriumarcbou00stevgoog_0156.png"; bbox 0 0 3150 5468; ppageno 0'>
   <div class='ocr_carea' id='block_1_1' title="bbox 356 1223 1098 1292">
    <p class='ocr_par' dir='ltr' id='par_1_1' title="bbox 356 1223 1098 1292">
     <span class='ocr_line' id='line_1_1' title="bbox 356 1223 1098 1292; baseline -0.004 0"><span class='ocrx_word' id='word_1_1' title='bbox 356 1223 420 1292; x_wconf 79' lang='grc'><strong>144</strong></span> <span class='ocrx_word' id='word_1_2' title='bbox 618 1236 827 1290; x_wconf 79' lang='lat' dir='ltr'><strong>nusrnnruu</strong></span> <span class='ocrx_word' id='word_1_3' title='bbox 848 1235 956 1289; x_wconf 72' lang='lat' dir='ltr'><strong>naen</strong></span> <span class='ocrx_word' id='word_1_4' title='bbox 979 1228 1098 1290; x_wconf 73' lang='lat' dir='ltr'><strong>nouus</strong></span> 
     </span>
    </p>
   </div>
   <div class='ocr_carea' id='block_1_2' title="bbox 352 1401 1397 4581">
    <p class='ocr_par' dir='ltr' id='par_1_2' title="bbox 355 1401 1351 1575">
     <span class='ocr_line' id='line_1_2' title="bbox 355 1401 1351 1486; baseline -0.003 -12"><span class='ocrx_word' id='word_1_5' title='bbox 355 1403 506 1486; x_wconf 88' lang='lat' dir='ltr'><strong>babitur,</strong></span> <span class='ocrx_word' id='word_1_6' title='bbox 522 1403 622 1474; x_wconf 89' lang='lat' dir='ltr'><strong>licere</strong></span> <span class='ocrx_word' id='word_1_7' title='bbox 636 1404 768 1473; x_wconf 81' lang='lat' dir='ltr'><strong>forulos</strong></span> <span class='ocrx_word' id='word_1_8' title='bbox 790 1403 920 1486; x_wconf 88' lang='lat' dir='ltr'><strong>aperire</strong></span> <span class='ocrx_word' id='word_1_9' title='bbox 932 1403 1193 1486; x_wconf 79' lang='lat' dir='ltr'><strong>litterarumque</strong></span> <span class='ocrx_word' id='word_1_10' title='bbox 1208 1401 1351 1472; x_wconf 81' lang='lat' dir='ltr'><strong>fascicu-</strong></span> 
     </span>
     <span class='ocr_line' id='line_1_3' title="bbox 356 1504 592 1575; baseline -0.008 0"><span class='ocrx_word' id='word_1_11' title='bbox 356 1504 429 1575; x_wconf 91' lang='lat' dir='ltr'><strong>lum</strong></span> <span class='ocrx_word' id='word_1_12' title='bbox 444 1504 592 1574; x_wconf 87' lang='lat' dir='ltr'><strong>tollere.”</strong></span> 
     </span>
    </p>

    <p class='ocr_par' dir='ltr' id='par_1_3' title="bbox 439 1603 1280 1686">
     <span class='ocr_line' id='line_1_4' title="bbox 439 1603 1280 1686; baseline -0.004 -12"><span class='ocrx_word' id='word_1_13' title='bbox 439 1603 493 1674; x_wconf 88' lang='lat' dir='ltr'><strong>“Si</strong></span> <span class='ocrx_word' id='word_1_14' title='bbox 509 1603 688 1674; x_wconf 86' lang='lat' dir='ltr'>discrimen</span> <span class='ocrx_word' id='word_1_15' title='bbox 704 1604 819 1674; x_wconf 90' lang='lat' dir='ltr'><strong>subire</strong></span> <span class='ocrx_word' id='word_1_16' title='bbox 833 1603 1010 1685; x_wconf 87' lang='lat' dir='ltr'><strong>voluerit,&#39;&#39;</strong></span> <span class='ocrx_word' id='word_1_17' title='bbox 1026 1603 1192 1673; x_wconf 90' lang='lat' dir='ltr'><strong>assentior</strong></span> <span class='ocrx_word' id='word_1_18' title='bbox 1206 1624 1280 1686; x_wconf 79' lang='lat' dir='ltr'><strong>ego.</strong></span> 
     </span>
    </p>

    <p class='ocr_par' dir='ltr' id='par_1_4' title="bbox 355 1704 1397 1988">
     <span class='ocr_line' id='line_1_5' title="bbox 439 1704 1359 1787; baseline -0.005 -11"><span class='ocrx_word' id='word_1_19' title='bbox 439 1704 676 1776; x_wconf 89' lang='lat' dir='ltr'><strong>“Conventum</strong></span> <span class='ocrx_word' id='word_1_20' title='bbox 691 1711 763 1786; x_wconf 90' lang='lat' dir='ltr'><strong>est;</strong></span> <span class='ocrx_word' id='word_1_21' title='bbox 785 1704 885 1774; x_wconf 92' lang='lat' dir='ltr'><strong>simul</strong></span> <span class='ocrx_word' id='word_1_22' title='bbox 900 1710 1005 1787; x_wconf 91' lang='lat' dir='ltr'><strong>atque</strong></span> <span class='ocrx_word' id='word_1_23' title='bbox 1020 1725 1096 1773; x_wconf 92' lang='lat' dir='ltr'><strong>eam</strong></span> <span class='ocrx_word' id='word_1_24' title='bbox 1111 1724 1312 1784; x_wconf 85' lang='lat' dir='ltr'><strong>convenero,</strong></span> <span class='ocrx_word' id='word_1_25' title='bbox 1325 1708 1359 1771; x_wconf 91' lang='lat' dir='ltr'><strong>te</strong></span> 
     </span>
     <span class='ocr_line' id='line_1_6' title="bbox 355 1801 1360 1888; baseline -0.004 -12"><span class='ocrx_word' id='word_1_26' title='bbox 355 1806 534 1887; x_wconf 86' lang='lat' dir='ltr'><strong>evocabo,”</strong></span> <span class='ocrx_word' id='word_1_27' title='bbox 556 1805 676 1888; x_wconf 87' lang='lat' dir='ltr'><strong>inquit.</strong></span> <span class='ocrx_word' id='word_1_28' title='bbox 699 1804 904 1887; x_wconf 87' lang='lat' dir='ltr'><strong>“Utcunque</strong></span> <span class='ocrx_word' id='word_1_29' title='bbox 919 1811 1044 1885; x_wconf 84' lang='lat' dir='ltr'><strong>tamen,</strong></span> <span class='ocrx_word' id='word_1_30' title='bbox 1060 1804 1207 1887; x_wconf 79' lang='lat' dir='ltr'><strong>gratiam</strong></span> <span class='ocrx_word' id='word_1_31' title='bbox 1232 1803 1293 1873; x_wconf 89' lang='lat' dir='ltr'><strong>tibi</strong></span> <span class='ocrx_word' id='word_1_32' title='bbox 1314 1801 1360 1872; x_wconf 90' lang='lat' dir='ltr'><strong>ob</strong></span> 
     </span>
     <span class='ocr_line' id='line_1_7' title="bbox 355 1904 1397 1988; baseline -0.006 -12"><span class='ocrx_word' id='word_1_33' title='bbox 355 1906 585 1977; x_wconf 86' lang='lat' dir='ltr'><strong>urbanitatem</strong></span> <span class='ocrx_word' id='word_1_34' title='bbox 602 1913 698 1975; x_wconf 92' lang='lat' dir='ltr'><strong>tuam</strong></span> <span class='ocrx_word' id='word_1_35' title='bbox 714 1905 852 1987; x_wconf 87' lang='lat' dir='ltr'><strong>habeo,”</strong></span> <span class='ocrx_word' id='word_1_36' title='bbox 869 1904 993 1988; x_wconf 91' lang='lat' dir='ltr'><strong>quibus</strong></span> <span class='ocrx_word' id='word_1_37' title='bbox 1007 1904 1106 1974; x_wconf 94' lang='lat' dir='ltr'><strong>dictis</strong></span> <span class='ocrx_word' id='word_1_38' title='bbox 1120 1904 1280 1974; x_wconf 81' lang='lat' dir='ltr'><strong>discessit.</strong></span> <span class='ocrx_word' id='word_1_39' title='bbox 1394 1960 1397 1968; x_wconf 90' lang='lat'><strong>.</strong></span> 
     </span>
    </p>

    <p class='ocr_par' dir='ltr' id='par_1_5' title="bbox 354 2004 1360 2377">
     <span class='ocr_line' id='line_1_8' title="bbox 439 2004 1360 2077; baseline -0.004 0"><span class='ocrx_word' id='word_1_40' title='bbox 439 2006 637 2077; x_wconf 92' lang='lat' dir='ltr'><strong>Verosimile</strong></span> <span class='ocrx_word' id='word_1_41' title='bbox 653 2013 705 2075; x_wconf 91' lang='lat' dir='ltr'><strong>est</strong></span> <span class='ocrx_word' id='word_1_42' title='bbox 721 2028 799 2075; x_wconf 90' lang='lat' dir='ltr'><strong>eum</strong></span> <span class='ocrx_word' id='word_1_43' title='bbox 814 2005 892 2075; x_wconf 91' lang='lat' dir='ltr'><strong>hinc</strong></span> <span class='ocrx_word' id='word_1_44' title='bbox 919 2005 1084 2074; x_wconf 88' lang='lat' dir='ltr'><strong>rectavia</strong></span> <span class='ocrx_word' id='word_1_45' title='bbox 1097 2005 1140 2075; x_wconf 93' lang='lat' dir='ltr'><strong>ad</strong></span> <span class='ocrx_word' id='word_1_46' title='bbox 1156 2005 1248 2075; x_wconf 86' lang='lat' dir='ltr'><strong>aedes</strong></span> <span class='ocrx_word' id='word_1_47' title='bbox 1260 2004 1360 2074; x_wconf 80' lang='lat' dir='ltr'><strong>fami·</strong></span> 
     </span>
     <span class='ocr_line' id='line_1_9' title="bbox 354 2104 1357 2187; baseline -0.004 -10"><span class='ocrx_word' id='word_1_48' title='bbox 354 2106 409 2177; x_wconf 91' lang='lat' dir='ltr'><strong>liae</strong></span> <span class='ocrx_word' id='word_1_49' title='bbox 423 2107 458 2176; x_wconf 94' lang='lat' dir='ltr'><strong>in</strong></span> <span class='ocrx_word' id='word_1_50' title='bbox 473 2108 591 2176; x_wconf 87' lang='lat' dir='ltr'><strong>Platea</strong></span> <span class='ocrx_word' id='word_1_51' title='bbox 615 2106 681 2175; x_wconf 89' lang='lat' dir='ltr'><strong>iter</strong></span> <span class='ocrx_word' id='word_1_52' title='bbox 706 2105 886 2187; x_wconf 86' lang='lat' dir='ltr'><strong>direxisse;</strong></span> <span class='ocrx_word' id='word_1_53' title='bbox 917 2112 979 2174; x_wconf 91' lang='lat' dir='ltr'><strong>aut</strong></span> <span class='ocrx_word' id='word_1_54' title='bbox 1002 2127 1085 2175; x_wconf 88' lang='lat' dir='ltr'><strong>vero</strong></span> <span class='ocrx_word' id='word_1_55' title='bbox 1110 2105 1301 2174; x_wconf 90' lang='lat' dir='ltr'><strong>Matronam</strong></span> <span class='ocrx_word' id='word_1_56' title='bbox 1323 2104 1357 2173; x_wconf 93' lang='lat' dir='ltr'><strong>in</strong></span> 
     </span>
     <span class='ocr_line' id='line_1_10' title="bbox 356 2204 1358 2290; baseline -0.004 -13"><span class='ocrx_word' id='word_1_57' title='bbox 356 2228 418 2277; x_wconf 91' lang='lat' dir='ltr'><strong>sua</strong></span> <span class='ocrx_word' id='word_1_58' title='bbox 443 2206 576 2276; x_wconf 89' lang='lat' dir='ltr'><strong>officina</strong></span> <span class='ocrx_word' id='word_1_59' title='bbox 600 2206 833 2290; x_wconf 83' lang='lat' dir='ltr'><strong>praestolatam</strong></span> <span class='ocrx_word' id='word_1_60' title='bbox 849 2227 941 2287; x_wconf 89' lang='lat' dir='ltr'><strong>esse;</strong></span> <span class='ocrx_word' id='word_1_61' title='bbox 963 2226 1043 2274; x_wconf 91' lang='lat' dir='ltr'><strong>nam</strong></span> <span class='ocrx_word' id='word_1_62' title='bbox 1069 2205 1160 2274; x_wconf 88' lang='lat' dir='ltr'><strong>intra</strong></span> <span class='ocrx_word' id='word_1_63' title='bbox 1184 2204 1358 2274; x_wconf 90' lang='lat' dir='ltr'><strong>dimidiam</strong></span> 
     </span>
     <span class='ocr_line' id='line_1_11' title="bbox 356 2306 726 2377; baseline -0.008 0"><span class='ocrx_word' id='word_1_64' title='bbox 356 2308 474 2377; x_wconf 91' lang='lat' dir='ltr'><strong>horam</strong></span> <span class='ocrx_word' id='word_1_65' title='bbox 489 2328 545 2376; x_wconf 92' lang='lat' dir='ltr'><strong>me</strong></span> <span class='ocrx_word' id='word_1_66' title='bbox 560 2306 726 2375; x_wconf 90' lang='lat' dir='ltr'><strong>evocavit.</strong></span> 
     </span>
    </p>

    <p class='ocr_par' dir='ltr' id='par_1_6' title="bbox 354 2404 1360 2791">
     <span class='ocr_line' id='line_1_12' title="bbox 440 2404 1359 2489; baseline -0.002 -13"><span class='ocrx_word' id='word_1_67' title='bbox 440 2405 571 2477; x_wconf 86' lang='lat' dir='ltr'><strong>“Cliens</strong></span> <span class='ocrx_word' id='word_1_68' title='bbox 586 2407 692 2487; x_wconf 84' lang='lat' dir='ltr'><strong>mea,”</strong></span> <span class='ocrx_word' id='word_1_69' title='bbox 708 2406 829 2489; x_wconf 90' lang='lat' dir='ltr'><strong>inquit,</strong></span> <span class='ocrx_word' id='word_1_70' title='bbox 845 2404 979 2475; x_wconf 90' lang='lat' dir='ltr'><strong>“arcam</strong></span> <span class='ocrx_word' id='word_1_71' title='bbox 995 2405 1066 2474; x_wconf 91' lang='lat' dir='ltr'><strong>sine</strong></span> <span class='ocrx_word' id='word_1_72' title='bbox 1081 2427 1177 2474; x_wconf 90' lang='lat' dir='ltr'><strong>mora</strong></span> <span class='ocrx_word' id='word_1_73' title='bbox 1186 2405 1299 2474; x_wconf 92' lang='lat' dir='ltr'><strong>visum</strong></span> <span class='ocrx_word' id='word_1_74' title='bbox 1310 2405 1359 2474; x_wconf 91' lang='lat' dir='ltr'><strong>ire</strong></span> 
     </span>
     <span class='ocr_line' id='line_1_13' title="bbox 355 2505 1360 2592; baseline -0.003 -15"><span class='ocrx_word' id='word_1_75' title='bbox 355 2508 459 2592; x_wconf 91' lang='lat' dir='ltr'><strong>cupit.</strong></span> <span class='ocrx_word' id='word_1_76' title='bbox 481 2508 559 2591; x_wconf 89' lang='lat' dir='ltr'><strong>lpsa</strong></span> <span class='ocrx_word' id='word_1_77' title='bbox 587 2506 701 2576; x_wconf 91' lang='lat' dir='ltr'><strong>animo</strong></span> <span class='ocrx_word' id='word_1_78' title='bbox 724 2513 798 2575; x_wconf 87' lang='lat' dir='ltr'><strong>tota</strong></span> <span class='ocrx_word' id='word_1_79' title='bbox 823 2513 876 2575; x_wconf 91' lang='lat' dir='ltr'><strong>est</strong></span> <span class='ocrx_word' id='word_1_80' title='bbox 900 2506 1079 2587; x_wconf 87' lang='lat' dir='ltr'><strong>concitata,</strong></span> <span class='ocrx_word' id='word_1_81' title='bbox 1106 2505 1294 2589; x_wconf 85' lang='lat' dir='ltr'><strong>praesertim</strong></span> <span class='ocrx_word' id='word_1_82' title='bbox 1316 2527 1360 2574; x_wconf 85' lang='lat' dir='ltr'><strong>ex</strong></span> 
     </span>
     <span class='ocr_line' id='line_1_14' title="bbox 354 2605 1358 2691; baseline -0.004 -14"><span class='ocrx_word' id='word_1_83' title='bbox 354 2629 422 2691; x_wconf 91' lang='lat' dir='ltr'><strong>quo</strong></span> <span class='ocrx_word' id='word_1_84' title='bbox 447 2606 613 2676; x_wconf 86' lang='lat' dir='ltr'><strong>intellexit</strong></span> <span class='ocrx_word' id='word_1_85' title='bbox 641 2607 749 2675; x_wconf 90' lang='lat' dir='ltr'><strong>alium</strong></span> <span class='ocrx_word' id='word_1_86' title='bbox 774 2605 969 2689; x_wconf 86' lang='lat' dir='ltr'><strong>quempiam</strong></span> <span class='ocrx_word' id='word_1_87' title='bbox 991 2605 1144 2674; x_wconf 81' lang='lat' dir='ltr'><strong>forulum</strong></span> <span class='ocrx_word' id='word_1_88' title='bbox 1165 2612 1358 2674; x_wconf 89' lang='lat' dir='ltr'><strong>temerasse.</strong></span> 
     </span>
     <span class='ocr_line' id='line_1_15' title="bbox 354 2703 1358 2791; baseline -0.003 -15"><span class='ocrx_word' id='word_1_89' title='bbox 354 2707 580 2791; x_wconf 88' lang='lat' dir='ltr'><strong>Quandonam</strong></span> <span class='ocrx_word' id='word_1_90' title='bbox 605 2706 666 2775; x_wconf 89' lang='lat' dir='ltr'><strong>tibi</strong></span> <span class='ocrx_word' id='word_1_91' title='bbox 691 2705 906 2774; x_wconf 90' lang='lat' dir='ltr'><strong>commodum</strong></span> <span class='ocrx_word' id='word_1_92' title='bbox 931 2711 983 2774; x_wconf 93' lang='lat' dir='ltr'><strong>est</strong></span> <span class='ocrx_word' id='word_1_93' title='bbox 1005 2704 1181 2774; x_wconf 91' lang='lat' dir='ltr'><strong>nobiscum</strong></span> <span class='ocrx_word' id='word_1_94' title='bbox 1195 2705 1312 2774; x_wconf 91' lang='lat' dir='ltr'><strong>venire</strong></span> <span class='ocrx_word' id='word_1_95' title='bbox 1321 2703 1358 2773; x_wconf 83' lang='lat'><strong>?’&#39;</strong></span> 
     </span>
    </p>

    <p class='ocr_par' dir='ltr' id='par_1_7' title="bbox 438 2805 897 2889">
     <span class='ocr_line' id='line_1_16' title="bbox 438 2805 897 2889; baseline -0.007 -13"><span class='ocrx_word' id='word_1_96' title='bbox 438 2806 587 2876; x_wconf 86' lang='lat' dir='ltr'><strong>“Licebit</strong></span> <span class='ocrx_word' id='word_1_97' title='bbox 602 2806 719 2887; x_wconf 83' lang='lat' dir='ltr'><strong>illico,&#39;&#39;</strong></span> <span class='ocrx_word' id='word_1_98' title='bbox 731 2805 897 2889; x_wconf 88' lang='lat' dir='ltr'><strong>respondi.</strong></span> 
     </span>
    </p>

    <p class='ocr_par' dir='ltr' id='par_1_8' title="bbox 353 2904 1360 3177">
     <span class='ocr_line' id='line_1_17' title="bbox 439 2904 1360 2976; baseline -0.002 0"><span class='ocrx_word' id='word_1_99' title='bbox 439 2906 603 2976; x_wconf 87' lang='lat' dir='ltr'><strong>“Proinde</strong></span> <span class='ocrx_word' id='word_1_100' title='bbox 619 2905 662 2975; x_wconf 89' lang='lat' dir='ltr'><strong>ad</strong></span> <span class='ocrx_word' id='word_1_101' title='bbox 677 2905 917 2975; x_wconf 91' lang='lat' dir='ltr'><strong>devehendum</strong></span> <span class='ocrx_word' id='word_1_102' title='bbox 932 2912 967 2974; x_wconf 91' lang='lat' dir='ltr'><strong>te</strong></span> <span class='ocrx_word' id='word_1_103' title='bbox 982 2905 1161 2975; x_wconf 79' lang='lat' dir='ltr'><strong>confestim</strong></span> <span class='ocrx_word' id='word_1_104' title='bbox 1176 2905 1238 2975; x_wconf 91' lang='lat' dir='ltr'><strong>tibi</strong></span> <span class='ocrx_word' id='word_1_105' title='bbox 1252 2904 1360 2974; x_wconf 90' lang='lat' dir='ltr'><strong>aderi-</strong></span> 
     </span>
     <span class='ocr_line' id='line_1_18' title="bbox 353 3005 1358 3091; baseline -0.002 -14"><span class='ocrx_word' id='word_1_106' title='bbox 353 3029 441 3077; x_wconf 87' lang='lat' dir='ltr'><strong>mus.</strong></span> <span class='ocrx_word' id='word_1_107' title='bbox 464 3006 651 3091; x_wconf 88' lang='lat' dir='ltr'><strong>Quindenis</strong></span> <span class='ocrx_word' id='word_1_108' title='bbox 665 3013 726 3075; x_wconf 91' lang='lat' dir='ltr'><strong>aut</strong></span> <span class='ocrx_word' id='word_1_109' title='bbox 741 3006 869 3075; x_wconf 88' lang='lat' dir='ltr'><strong>vicenis</strong></span> <span class='ocrx_word' id='word_1_110' title='bbox 883 3005 1025 3075; x_wconf 91' lang='lat' dir='ltr'><strong>minutis</strong></span> <span class='ocrx_word' id='word_1_111' title='bbox 1040 3007 1117 3089; x_wconf 93' lang='lat' dir='ltr'><strong>plus</strong></span> <span class='ocrx_word' id='word_1_112' title='bbox 1138 3005 1232 3075; x_wconf 88' lang='lat' dir='ltr'><strong>haud</strong></span> <span class='ocrx_word' id='word_1_113' title='bbox 1248 3027 1358 3075; x_wconf 87' lang='lat' dir='ltr'><strong>sume·</strong></span> 
     </span>
     <span class='ocr_line' id='line_1_19' title="bbox 353 3108 462 3177; baseline 0 0"><span class='ocrx_word' id='word_1_114' title='bbox 353 3108 462 3177; x_wconf 86' lang='lat' dir='ltr'><strong>mus.’&#39;</strong></span> 
     </span>
    </p>

    <p class='ocr_par' dir='ltr' id='par_1_9' title="bbox 353 3205 1357 3391">
     <span class='ocr_line' id='line_1_20' title="bbox 438 3205 1357 3290; baseline -0.002 -13"><span class='ocrx_word' id='word_1_115' title='bbox 438 3207 603 3288; x_wconf 72' lang='lat' dir='ltr'><strong>“Placet”</strong></span> <span class='ocrx_word' id='word_1_116' title='bbox 620 3206 787 3289; x_wconf 88' lang='lat' dir='ltr'><strong>respondi,</strong></span> <span class='ocrx_word' id='word_1_117' title='bbox 802 3205 1010 3276; x_wconf 86' lang='lat' dir='ltr'><strong>“adventum</strong></span> <span class='ocrx_word' id='word_1_118' title='bbox 1026 3213 1181 3275; x_wconf 88' lang='lat' dir='ltr'><strong>vestrum</strong></span> <span class='ocrx_word' id='word_1_119' title='bbox 1191 3205 1357 3290; x_wconf 88' lang='lat' dir='ltr'><strong>opperiar.</strong></span> 
     </span>
     <span class='ocr_line' id='line_1_21' title="bbox 353 3307 981 3391; baseline -0.005 -12"><span class='ocrx_word' id='word_1_120' title='bbox 353 3309 482 3391; x_wconf 85' lang='lat' dir='ltr'><strong>Utique</strong></span> <span class='ocrx_word' id='word_1_121' title='bbox 494 3314 618 3376; x_wconf 90' lang='lat' dir='ltr'><strong>testem</strong></span> <span class='ocrx_word' id='word_1_122' title='bbox 632 3328 766 3376; x_wconf 91' lang='lat' dir='ltr'><strong>mecum</strong></span> <span class='ocrx_word' id='word_1_123' title='bbox 782 3307 981 3376; x_wconf 85' lang='lat' dir='ltr'><strong>accersam.”</strong></span> 
     </span>
    </p>

    <p class='ocr_par' dir='ltr' id='par_1_10' title="bbox 353 3406 1359 3678">
     <span class='ocr_line' id='line_1_22' title="bbox 438 3406 1357 3490; baseline -0.002 -13"><span class='ocrx_word' id='word_1_124' title='bbox 438 3407 613 3490; x_wconf 83' lang='lat' dir='ltr'><strong>“AEquum</strong></span> <span class='ocrx_word' id='word_1_125' title='bbox 633 3407 771 3488; x_wconf 86' lang='lat' dir='ltr'><strong>facies,”</strong></span> <span class='ocrx_word' id='word_1_126' title='bbox 786 3407 972 3476; x_wconf 86' lang='lat' dir='ltr'><strong>assentitur</strong></span> <span class='ocrx_word' id='word_1_127' title='bbox 997 3407 1101 3476; x_wconf 89' lang='lat' dir='ltr'><strong>herus</strong></span> <span class='ocrx_word' id='word_1_128' title='bbox 1126 3406 1357 3477; x_wconf 86' lang='lat' dir='ltr'><strong>Homblower.</strong></span> 
     </span>
     <span class='ocr_line' id='line_1_23' title="bbox 354 3507 1359 3590; baseline 0 -13"><span class='ocrx_word' id='word_1_129' title='bbox 354 3507 468 3578; x_wconf 89' lang='lat' dir='ltr'><strong>“Nihil</strong></span> <span class='ocrx_word' id='word_1_130' title='bbox 482 3530 524 3577; x_wconf 88' lang='lat' dir='ltr'><strong>ex</strong></span> <span class='ocrx_word' id='word_1_131' title='bbox 539 3514 656 3576; x_wconf 91' lang='lat' dir='ltr'><strong>nostra</strong></span> <span class='ocrx_word' id='word_1_132' title='bbox 670 3514 767 3590; x_wconf 87' lang='lat' dir='ltr'><strong>parte</strong></span> <span class='ocrx_word' id='word_1_133' title='bbox 782 3507 900 3577; x_wconf 88' lang='lat' dir='ltr'><strong>oberit.</strong></span> <span class='ocrx_word' id='word_1_134' title='bbox 928 3507 1019 3590; x_wconf 81' lang='lat' dir='ltr'><strong>Ergo</strong></span> <span class='ocrx_word' id='word_1_135' title='bbox 1043 3507 1077 3576; x_wconf 94' lang='lat' dir='ltr'><strong>in</strong></span> <span class='ocrx_word' id='word_1_136' title='bbox 1099 3507 1227 3577; x_wconf 87' lang='lat' dir='ltr'><strong>vicenis</strong></span> <span class='ocrx_word' id='word_1_137' title='bbox 1248 3507 1359 3577; x_wconf 92' lang='lat' dir='ltr'><strong>minu·</strong></span> 
     </span>
     <span class='ocr_line' id='line_1_24' title="bbox 353 3609 428 3678; baseline 0 -41"><span class='ocrx_word' id='word_1_138' title='bbox 353 3609 428 3678; x_wconf 44' lang='lat' dir='ltr'>tis„</span> 
     </span>
    </p>

    <p class='ocr_par' dir='ltr' id='par_1_11' title="bbox 352 3708 1359 4193">
     <span class='ocr_line' id='line_1_25' title="bbox 437 3708 1359 3791; baseline 0 -14"><span class='ocrx_word' id='word_1_139' title='bbox 437 3709 590 3777; x_wconf 89' lang='lat' dir='ltr'><strong>Primum</strong></span> <span class='ocrx_word' id='word_1_140' title='bbox 605 3729 708 3790; x_wconf 91' lang='lat' dir='ltr'><strong>quam</strong></span> <span class='ocrx_word' id='word_1_141' title='bbox 723 3714 876 3790; x_wconf 90' lang='lat' dir='ltr'><strong>poteram</strong></span> <span class='ocrx_word' id='word_1_142' title='bbox 892 3708 1058 3778; x_wconf 90' lang='lat' dir='ltr'><strong>officinam</strong></span> <span class='ocrx_word' id='word_1_143' title='bbox 1087 3709 1222 3778; x_wconf 80' lang='lat' dir='ltr'><strong>Record</strong></span> <span class='ocrx_word' id='word_1_144' title='bbox 1246 3708 1359 3791; x_wconf 87' lang='lat' dir='ltr'><strong>appel·</strong></span> 
     </span>
     <span class='ocr_line' id='line_1_26' title="bbox 353 3807 1358 3891; baseline -0.002 -12"><span class='ocrx_word' id='word_1_145' title='bbox 353 3808 431 3891; x_wconf 83' lang='lat' dir='ltr'><strong>lavi,</strong></span> <span class='ocrx_word' id='word_1_146' title='bbox 447 3808 505 3877; x_wconf 88' lang='lat' dir='ltr'><strong>sed</strong></span> <span class='ocrx_word' id='word_1_147' title='bbox 521 3808 672 3890; x_wconf 81' lang='lat' dir='ltr'><strong>Godirey</strong></span> <span class='ocrx_word' id='word_1_148' title='bbox 687 3807 816 3877; x_wconf 89' lang='lat' dir='ltr'><strong>aberat.</strong></span> <span class='ocrx_word' id='word_1_149' title='bbox 838 3808 937 3890; x_wconf 88' lang='lat' dir='ltr'><strong>Eum,</strong></span> <span class='ocrx_word' id='word_1_150' title='bbox 953 3829 1048 3877; x_wconf 92' lang='lat' dir='ltr'><strong>more</strong></span> <span class='ocrx_word' id='word_1_151' title='bbox 1070 3830 1142 3890; x_wconf 91' lang='lat' dir='ltr'><strong>suo,</strong></span> <span class='ocrx_word' id='word_1_152' title='bbox 1164 3808 1287 3891; x_wconf 89' lang='lat' dir='ltr'><strong>aliquis</strong></span> <span class='ocrx_word' id='word_1_153' title='bbox 1307 3830 1358 3877; x_wconf 92' lang='lat' dir='ltr'><strong>re-</strong></span> 
     </span>
     <span class='ocr_line' id='line_1_27' title="bbox 353 3907 1357 3993; baseline -0.002 -14"><span class='ocrx_word' id='word_1_154' title='bbox 353 3908 499 3993; x_wconf 84' lang='lat' dir='ltr'><strong>spondit,</strong></span> <span class='ocrx_word' id='word_1_155' title='bbox 513 3930 623 3992; x_wconf 87' lang='lat' dir='ltr'><strong>usque</strong></span> <span class='ocrx_word' id='word_1_156' title='bbox 638 3907 680 3977; x_wconf 92' lang='lat' dir='ltr'><strong>ad</strong></span> <span class='ocrx_word' id='word_1_157' title='bbox 696 3908 874 3977; x_wconf 92' lang='lat' dir='ltr'><strong>dimidium</strong></span> <span class='ocrx_word' id='word_1_158' title='bbox 889 3908 1141 3991; x_wconf 91' lang='lat' dir='ltr'><strong>postmeridiem</strong></span> <span class='ocrx_word' id='word_1_159' title='bbox 1156 3908 1273 3977; x_wconf 88' lang='lat' dir='ltr'><strong>venire</strong></span> <span class='ocrx_word' id='word_1_160' title='bbox 1288 3930 1357 3989; x_wconf 84' lang='lat' dir='ltr'><strong>non</strong></span> 
     </span>
     <span class='ocr_line' id='line_1_28' title="bbox 352 4007 1359 4090; baseline 0 -12"><span class='ocrx_word' id='word_1_161' title='bbox 352 4010 470 4078; x_wconf 85' lang='lat' dir='ltr'><strong>solere.</strong></span> <span class='ocrx_word' id='word_1_162' title='bbox 493 4008 642 4078; x_wconf 87' lang='lat' dir='ltr'><strong>Evocavi</strong></span> <span class='ocrx_word' id='word_1_163' title='bbox 658 4007 865 4077; x_wconf 91' lang='lat' dir='ltr'><strong>domicilium</strong></span> <span class='ocrx_word' id='word_1_164' title='bbox 890 4008 973 4090; x_wconf 90' lang='lat' dir='ltr'><strong>eius,</strong></span> <span class='ocrx_word' id='word_1_165' title='bbox 989 4007 1048 4077; x_wconf 93' lang='lat' dir='ltr'><strong>sed</strong></span> <span class='ocrx_word' id='word_1_166' title='bbox 1063 4009 1196 4078; x_wconf 88' lang='lat' dir='ltr'><strong>nullum</strong></span> <span class='ocrx_word' id='word_1_167' title='bbox 1222 4008 1286 4078; x_wconf 90' lang='lat' dir='ltr'><strong>tuli</strong></span> <span class='ocrx_word' id='word_1_168' title='bbox 1308 4030 1359 4078; x_wconf 89' lang='lat' dir='ltr'><strong>re·</strong></span> 
     </span>
     <span class='ocr_line' id='line_1_29' title="bbox 353 4108 1128 4193; baseline -0.004 -14"><span class='ocrx_word' id='word_1_169' title='bbox 353 4131 525 4193; x_wconf 90' lang='lat' dir='ltr'><strong>sponsum.</strong></span> <span class='ocrx_word' id='word_1_170' title='bbox 541 4108 694 4178; x_wconf 89' lang='lat' dir='ltr'><strong>Tandem</strong></span> <span class='ocrx_word' id='word_1_171' title='bbox 710 4108 801 4177; x_wconf 85' lang='lat' dir='ltr'><strong>aedes</strong></span> <span class='ocrx_word' id='word_1_172' title='bbox 815 4108 963 4177; x_wconf 93' lang='lat' dir='ltr'><strong>Vantine</strong></span> <span class='ocrx_word' id='word_1_173' title='bbox 978 4109 1128 4177; x_wconf 88' lang='lat' dir='ltr'><strong>evocavi.</strong></span> 
     </span>
    </p>

    <p class='ocr_par' dir='ltr' id='par_1_12' title="bbox 353 4207 1359 4581">
     <span class='ocr_line' id='line_1_30' title="bbox 437 4207 1358 4292; baseline 0.002 -14"><span class='ocrx_word' id='word_1_174' title='bbox 437 4208 596 4290; x_wconf 86' lang='lat' dir='ltr'><strong>“Parks,”</strong></span> <span class='ocrx_word' id='word_1_175' title='bbox 623 4209 755 4292; x_wconf 90' lang='lat' dir='ltr'><strong>appello</strong></span> <span class='ocrx_word' id='word_1_176' title='bbox 784 4230 874 4290; x_wconf 86' lang='lat' dir='ltr'><strong>eum,</strong></span> <span class='ocrx_word' id='word_1_177' title='bbox 901 4207 956 4277; x_wconf 89' lang='lat' dir='ltr'><strong>“in</strong></span> <span class='ocrx_word' id='word_1_178' title='bbox 982 4209 1142 4278; x_wconf 90' lang='lat' dir='ltr'><strong>societate</strong></span> <span class='ocrx_word' id='word_1_179' title='bbox 1166 4209 1358 4292; x_wconf 87' lang='lat' dir='ltr'><strong>aliquorum</strong></span> 
     </span>
     <span class='ocr_line' id='line_1_31' title="bbox 353 4308 1359 4392; baseline 0.001 -13"><span class='ocrx_word' id='word_1_180' title='bbox 353 4331 433 4379; x_wconf 86' lang='lat' dir='ltr'><strong>mox</strong></span> <span class='ocrx_word' id='word_1_181' title='bbox 448 4309 539 4392; x_wconf 91' lang='lat' dir='ltr'><strong>apud</strong></span> <span class='ocrx_word' id='word_1_182' title='bbox 553 4330 616 4378; x_wconf 91' lang='lat' dir='ltr'><strong>vos</strong></span> <span class='ocrx_word' id='word_1_183' title='bbox 630 4309 742 4390; x_wconf 90' lang='lat' dir='ltr'><strong>adero,</strong></span> <span class='ocrx_word' id='word_1_184' title='bbox 758 4308 817 4391; x_wconf 94' lang='lat' dir='ltr'><strong>qui</strong></span> <span class='ocrx_word' id='word_1_185' title='bbox 833 4330 946 4378; x_wconf 89' lang='lat' dir='ltr'><strong>arcam</strong></span> <span class='ocrx_word' id='word_1_186' title='bbox 962 4308 1124 4391; x_wconf 86' lang='lat' dir='ltr'><strong>inspicere</strong></span> <span class='ocrx_word' id='word_1_187' title='bbox 1140 4309 1258 4378; x_wconf 92' lang='lat' dir='ltr'><strong>velint.</strong></span> <span class='ocrx_word' id='word_1_188' title='bbox 1273 4309 1359 4380; x_wconf 89' lang='lat' dir='ltr'><strong>Con·</strong></span> 
     </span>
     <span class='ocr_line' id='line_1_32' title="bbox 354 4409 1359 4480; baseline 0.001 -1"><span class='ocrx_word' id='word_1_189' title='bbox 354 4410 483 4480; x_wconf 94' lang='lat' dir='ltr'><strong>sultum</strong></span> <span class='ocrx_word' id='word_1_190' title='bbox 498 4415 587 4478; x_wconf 90' lang='lat' dir='ltr'><strong>esset</strong></span> <span class='ocrx_word' id='word_1_191' title='bbox 600 4409 770 4479; x_wconf 92' lang='lat' dir='ltr'><strong>camulam</strong></span> <span class='ocrx_word' id='word_1_192' title='bbox 785 4431 804 4478; x_wconf 90' lang='lat' dir='ltr'><strong>e</strong></span> <span class='ocrx_word' id='word_1_193' title='bbox 820 4409 876 4478; x_wconf 92' lang='lat' dir='ltr'><strong>via</strong></span> <span class='ocrx_word' id='word_1_194' title='bbox 897 4409 1027 4478; x_wconf 81' lang='lat' dir='ltr'><strong>amoliri</strong></span> <span class='ocrx_word' id='word_1_195' title='bbox 1042 4416 1078 4478; x_wconf 88' lang='lat' dir='ltr'><strong>et</strong></span> <span class='ocrx_word' id='word_1_196' title='bbox 1093 4416 1217 4479; x_wconf 85' lang='lat' dir='ltr'><strong>cuncta</strong></span> <span class='ocrx_word' id='word_1_197' title='bbox 1230 4410 1359 4480; x_wconf 89' lang='lat' dir='ltr'><strong>lumina</strong></span> 
     </span>
     <span class='ocr_line' id='line_1_33' title="bbox 355 4508 569 4581; baseline -0.014 0"><span class='ocrx_word' id='word_1_198' title='bbox 355 4508 569 4581; x_wconf 84' lang='lat' dir='ltr'><strong>accendere.”</strong></span> 
     </span>
    </p>
   </div>
   <div class='ocr_carea' id='block_1_3' title="bbox 0 0 1580 5468">
    <p class='ocr_par' dir='ltr' id='par_1_13' title="bbox 0 0 1580 5468">
     <span class='ocr_line' id='line_1_34' title="bbox 0 0 1580 5468; baseline 0 0"><span class='ocrx_word' id='word_1_199' title='bbox 0 0 1580 5468; x_wconf 95' lang='lat' dir='ltr'><strong> </strong></span> 
     </span>
    </p>
   </div>
  </div>
 </body>
</html>
