3128 5016
615 1837 768 1909 CAPUT
783 1837 847 1908 XII

543 2023 695 2106 Godfreu
708 2022 920 2092 damascus.

312 2208 569 2290 ocunsusque
590 2206 666 2276 fixis
690 2205 833 2288 stabam,
859 2204 1043 2275 cachinnus
1067 2204 1233 2289 usquein

230 2308 371 2379 auribus
386 2307 575 2389 resonabat,
592 2329 700 2390 quum
715 2306 866 2388 Godfrey
880 2304 924 2375 ad
939 2325 994 2373 me
1008 2304 1156 2375 accessit.

317 2407 413 2491 “Ipse
428 2407 548 2490 utique
564 2406 703 2488 evasit,''
718 2407 814 2475 fatur
829 2405 962 2488 frigide.

314 2508 480 2577 “Prorsus
508 2507 575 2589 ita;
611 2505 869 2575 cachinnantem
899 2526 979 2574 eum
1008 2504 1123 2575 audivi
1136 2501 1165 2573 !”
1186 2505 1236 2575 in·

234 2630 348 2691 quam.

313 2707 464 2790 Godfrey
477 2729 533 2776 me
547 2706 725 2776 subitaneo
738 2705 863 2775 obtutu
879 2705 1020 2789 aspexit

313 2807 419 2891 “Age,
433 2807 480 2876 mi
495 2806 644 2888 Lester,”
660 2807 756 2875 fatur
771 2804 988 2887 solabundus,
1004 2803 1107 2875 “cave
1121 2805 1236 2876 nervis

230 2909 300 2978 tuis
313 2907 443 2977 cedas.”

315 3007 382 3077 “At
397 3006 534 3075 hicnon
549 3006 591 3075 de
604 3005 719 3075 nervis
731 3004 928 3088 quaesitur,'’
944 3004 1094 3075 obtestor
1108 3026 1173 3089 ego
1186 3005 1237 3076 fe·

231 3130 268 3178 re
283 3115 442 3189 aestuans,
458 3105 635 3176 “distincte
649 3104 774 3176 audivi.
797 3105 869 3174 Nec
893 3104 936 3175 ab
957 3104 1035 3174 hinc
1049 3104 1166 3189 procul
1179 3105 1237 3176 ab·

231 3230 304 3278 osse
317 3207 485 3276 videtur.”

316 3305 459 3377 “Procul
474 3304 658 3376 admodum
674 3304 858 3388 quominus
867 3325 930 3375 nos
940 3327 1021 3374 eum
1031 3304 1235 3389 capiamus,”

231 3407 356 3492 regent
372 3406 533 3489 Godfrey,
548 3413 652 3489 atque
666 3405 870 3475 laternulam
880 3427 1003 3489 gerens
1016 3406 1060 3475 ad
1074 3405 1176 3475 limen
1186 3405 1237 3476 fe·

228 3515 352 3578 nastrae
366 3515 471 3591 atque
486 3506 596 3576 solum
611 3505 749 3587 circum,
764 3505 956 3588 inspectum
971 3506 1119 3575 accessit
1137 3504 1235 3576 “Hic-

231 3629 270 3677 ce
284 3616 336 3677 est
350 3607 444 3677 locus
458 3606 517 3676 ubi
533 3605 588 3675 ille
602 3605 728 3688 stetit,'’
750 3605 856 3688 fatur,
881 3627 961 3674 nam
986 3605 1130 3690 vestigia
1155 3605 1237 3677 satis

233 3715 331 3778 erant
345 3707 444 3777 clara
467 3705 586 3776 “Viam
602 3727 671 3789 qua
687 3726 723 3775 se
738 3704 902 3788 reciperet
927 3705 1048 3789 utique
1072 3705 1236 3790 pataviu’

233 3808 421 3892 subiungit,
436 3807 519 3877 dum
540 3805 744 3876 latemulam
759 3805 827 3874 huc
842 3813 878 3875 et
891 3805 971 3874 illuc
993 3827 1144 3888 versans,
1169 3805 1238 3890 pla·

232 3931 312 3993 gam
327 3908 401 3978 eius
415 3929 476 3992 per
486 3907 658 3990 caespitem
673 3905 867 3990 indagabat,
889 3905 1005 3976 herbae
1019 3913 1135 3976 tamen
1152 3906 1238 3978 adeo

233 4017 330 4079 erant
344 4008 459 4079 densae
472 4015 513 4078 ut
527 4006 622 4077 nulla
637 4005 763 4089 species
777 4005 1001 4090 vestigiorum
1016 4005 1155 4090 reperiri
1165 4028 1240 4092 pos-
