3150 5468
296 1261 358 1330 148
553 1275 763 1331 ursmarum
784 1275 891 1330 Anca
912 1268 1031 1329 romu

373 1443 524 1526 Godfrey
540 1465 576 1512 se
591 1443 801 1527 proclinavit,
816 1442 1039 1512 Homblower
1049 1449 1166 1511 autern
1181 1443 1294 1512 suavi-

289 1551 343 1613 ter
357 1544 391 1612 in
406 1565 485 1613 eum
502 1544 659 1613 renidens
673 1544 767 1612 illum
782 1543 923 1625 excepit.

372 1643 467 1712 “Nisi
483 1643 663 1726 prudentia
678 1643 750 1713 heri
775 1643 927 1724 Godfrey
949 1642 1031 1711 mihi
1056 1642 1292 1724 probatissima

289 1751 388 1825 esset,
404 1766 483 1813 eum
498 1752 538 1814 ut
554 1752 677 1813 testem
693 1744 915 1825 recusarem,’'
937 1744 1034 1812 fatur
1058 1742 1292 1824 Homblower,

293 1843 373 1914 “sed
389 1867 429 1913 ea
443 1845 524 1912 mihi
540 1845 607 1913 iam
623 1844 830 1927 experientia
853 1849 996 1926 constat,
1012 1864 1074 1911 nec
1088 1863 1142 1911 me
1169 1842 1294 1912 falsum

290 1944 331 2013 iri
346 1945 451 2027 probe
472 1945 584 2013 novi.”

373 2043 493 2114 “Unus
509 2045 641 2113 nonnisi
657 2051 709 2113 est
724 2045 779 2113 cui
802 2044 933 2113 ratione
959 2043 1151 2126 prudentiae
1166 2050 1202 2112 et
1216 2065 1294 2112 con·

290 2144 426 2213 stantiae
441 2145 586 2213 libenter
600 2144 752 2227 cedam,”
779 2143 953 2225 respondit
977 2143 1130 2224 Godfrey
1156 2143 1191 2212 in
1212 2165 1293 2212 eum

289 2244 456 2326 renidere,
473 2244 522 2314 “is
536 2252 652 2313 autem
668 2251 720 2313 est
736 2244 968 2313 Homblower.
991 2243 1066 2326 lpse
1081 2244 1221 2313 classem
1233 2266 1294 2328 per

289 2366 325 2414 se
341 2345 402 2414 sibi
419 2346 590 2428 propriam
607 2345 739 2414 efficit.”

372 2444 518 2515 “Multas
533 2445 594 2513 tibi
611 2446 724 2514 refero
739 2445 898 2527 gratias,”
913 2443 1101 2514 advocatus
1111 2445 1293 2528 respondet

288 2545 442 2628 graviter
456 2546 673 2627 proclinatus.

374 2646 515 2714 Interim
531 2646 614 2714 dum
629 2645 683 2714 hae
698 2645 878 2714 civilitates
892 2646 983 2714 ultro
998 2644 1152 2727 citroque
1177 2645 1294 2716 misce·

289 2745 425 2826 bantur,
442 2746 573 2827 mulier,
589 2768 692 2828 quarn
706 2746 862 2814 ancillam
877 2745 1116 2826 indicaveram,
1131 2745 1294 2827 consedit,

289 2868 328 2914 ac
343 2846 369 2914 si
387 2846 490 2928 pedes
505 2867 581 2913 eam
596 2846 764 2914 sustinere
791 2853 997 2927 recusarent,
1012 2866 1205 2928 manusque
1219 2865 1294 2915 ner-

289 2967 371 3015 vose
383 2945 582 3026 torsitabat;
605 2946 659 3014 vel
675 2946 747 3028 ipsa
763 2945 847 3014 adeo
863 2945 945 3014 hera
960 2967 1023 3015 sua
1038 2946 1113 3015 eius
1127 2945 1176 3015 rei
1191 2945 1293 3016 taedio

288 3045 376 3114 affici
392 3045 583 3115 videbatur.

373 3144 483 3214 “Arca
498 3145 552 3213 bic
568 3145 661 3213 intus
676 3145 760 3226 est,”
775 3147 915 3228 eloquor
929 3168 1004 3228 ego,
1016 3152 1121 3228 atque
1136 3154 1293 3218 matrona

289 3246 404 3315 velata
418 3245 555 3328 duoque
572 3245 636 3313 viri
652 3268 692 3314 eo
707 3268 762 3314 me
778 3246 1019 3328 sequebantur.

373 3347 462 3415 Arca
478 3346 512 3414 in
530 3345 640 3414 medio
654 3346 810 3415 cubiculo
821 3346 934 3415 stabat
945 3368 1084 3429 prorsus
1095 3347 1213 3417 eodem
1226 3370 1294 3418 mo

290 3445 333 3515 do
358 3453 397 3514 ut
423 3446 520 3514 fatali
545 3468 585 3514 ea
611 3452 720 3527 nocte,
751 3446 931 3528 omniaque
961 3447 1089 3516 lumina
1117 3447 1293 3517 ardebant.

290 3545 372 3614 Mihi
388 3545 530 3613 intranti
545 3545 738 3615 manutium
753 3545 967 3628 chalybeium
979 3546 1129 3628 Godfrey
1141 3547 1206 3618 sub
1217 3569 1294 3617 ocu·

291 3646 341 3714 los
355 3645 486 3714 cecidit.

375 3744 502 3814 “Estne
525 3745 589 3813 ista
611 3767 693 3814 vera
717 3745 772 3814 illa
797 3766 886 3828 arca,
911 3768 987 3815 mea
1013 3746 1105 3816 Hera
1113 3747 1151 3816 ?’'
1177 3769 1293 3831 quaero

290 3866 356 3927 ego

374 3946 585 4014 Momentum
602 3945 766 4028 temporis
780 3946 1074 4029 contemplabatur
1087 3969 1174 4030 eam,
1183 3948 1294 4018 mani·

293 4045 357 4114 bus
371 4044 414 4114 ad
431 4052 550 4127 pectus
565 4045 688 4127 pressis
699 4053 733 4114 et
749 4046 885 4114 strictis.

373 4144 455 4212 “Est
466 4144 494 4212 !’'
511 4145 685 4227 respondit
694 4146 850 4227 halitans,
862 4168 1026 4228 paeneque
1038 4169 1116 4216 cum
1128 4148 1292 4231 singultu.

373 4245 498 4312 Fateor
513 4267 568 4313 me
590 4247 823 4328 stupefactum
848 4268 931 4315 esse.
953 4248 1140 4330 Nunquam
1166 4249 1294 4319 credidi

290 4367 366 4413 eam
390 4345 497 4427 ipsam
524 4367 641 4414 veram
667 4368 760 4426 esse;
783 4347 850 4415 imo
876 4369 918 4415 ne
943 4349 1043 4417 modo
1058 4348 1196 4431 quidem
1210 4349 1294 4420 mihi

288 4445 492 4528 persuadere
509 4452 662 4528 poteram
678 4446 966 4529 quemadmodum
978 4447 1051 4530 ipsa
1062 4448 1181 4518 eadem
1192 4457 1292 4521 esset

373 4544 537 4615 “Certene
552 4546 612 4617 tibi
628 4553 761 4617 constat
772 4546 809 4616 ?”
823 4546 1019 4618 incredulus
1033 4548 1187 4631 quaesivi.
