<?xml version="1.0" encoding="UTF-8"?>
<!DOCTYPE html PUBLIC "-//W3C//DTD XHTML 1.0 Transitional//EN"
    "http://www.w3.org/TR/xhtml1/DTD/xhtml1-transitional.dtd">
<html xmlns="http://www.w3.org/1999/xhtml" xml:lang="en" lang="en">
 <head>
  <title>
</title>
<meta http-equiv="Content-Type" content="text/html;charset=utf-8" />
  <meta name='ocr-system' content='tesseract 3.04.00' />
  <meta name='ocr-capabilities' content='ocr_page ocr_carea ocr_par ocr_line ocrx_word'/>
</head>
<body>
  <div class='ocr_page' id='page_1' title='image "./mysteriumarcbou00stevgoog/mysteriumarcbou00stevgoog_0315.png"; bbox 0 0 3128 5016; ppageno 0'>
   <div class='ocr_carea' id='block_1_1' title="bbox 526 762 1279 834">
    <p class='ocr_par' dir='ltr' id='par_1_1' title="bbox 526 762 1279 834">
     <span class='ocr_line' id='line_1_1' title="bbox 526 762 1279 834; baseline -0.001 -1"><span class='ocrx_word' id='word_1_1' title='bbox 526 779 642 834; x_wconf 74' lang='lat' dir='ltr'>nonus</span> <span class='ocrx_word' id='word_1_2' title='bbox 663 779 846 833; x_wconf 67' lang='lat' dir='ltr'>nunnius</span> <span class='ocrx_word' id='word_1_3' title='bbox 869 779 1029 833; x_wconf 78' lang='lat' dir='ltr'>nunnus</span> <span class='ocrx_word' id='word_1_4' title='bbox 1216 762 1279 832; x_wconf 83' lang='lat'>303</span> 
     </span>
    </p>
   </div>
   <div class='ocr_carea' id='block_1_2' title="bbox 277 945 1283 1417">
    <p class='ocr_par' dir='ltr' id='par_1_2' title="bbox 361 945 1069 1029">
     <span class='ocr_line' id='line_1_2' title="bbox 361 945 1069 1029; baseline -0.001 -14"><span class='ocrx_word' id='word_1_5' title='bbox 361 946 495 1016; x_wconf 88' lang='lat' dir='ltr'>“Herus</span> <span class='ocrx_word' id='word_1_6' title='bbox 510 946 649 1029; x_wconf 84' lang='lat' dir='ltr'>Piggott</span> <span class='ocrx_word' id='word_1_7' title='bbox 663 946 691 1014; x_wconf 90' lang='lat'>!”</span> <span class='ocrx_word' id='word_1_8' title='bbox 706 945 908 1016; x_wconf 88' lang='lat' dir='ltr'>ministellus</span> <span class='ocrx_word' id='word_1_9' title='bbox 922 947 1069 1016; x_wconf 91' lang='lat' dir='ltr'>nuntiat.</span> 
     </span>
    </p>

    <p class='ocr_par' dir='ltr' id='par_1_3' title="bbox 277 1044 1283 1417">
     <span class='ocr_line' id='line_1_3' title="bbox 360 1044 1281 1129; baseline -0.003 -13"><span class='ocrx_word' id='word_1_10' title='bbox 360 1048 434 1129; x_wconf 83' lang='lat' dir='ltr'>Ego</span> <span class='ocrx_word' id='word_1_11' title='bbox 450 1070 469 1116; x_wconf 94' lang='lat' dir='ltr'>e</span> <span class='ocrx_word' id='word_1_12' title='bbox 483 1048 564 1116; x_wconf 89' lang='lat' dir='ltr'>sella</span> <span class='ocrx_word' id='word_1_13' title='bbox 585 1069 661 1115; x_wconf 90' lang='lat' dir='ltr'>mea</span> <span class='ocrx_word' id='word_1_14' title='bbox 676 1068 774 1129; x_wconf 88' lang='lat' dir='ltr'>paene</span> <span class='ocrx_word' id='word_1_15' title='bbox 802 1047 938 1128; x_wconf 84' lang='lat' dir='ltr'>prosilii,</span> <span class='ocrx_word' id='word_1_16' title='bbox 962 1047 1137 1116; x_wconf 88' lang='lat' dir='ltr'>enimvero</span> <span class='ocrx_word' id='word_1_17' title='bbox 1163 1045 1223 1127; x_wconf 86' lang='lat' dir='ltr'>qui</span> <span class='ocrx_word' id='word_1_18' title='bbox 1246 1044 1281 1113; x_wconf 94' lang='lat' dir='ltr'>in</span> 
     </span>
     <span class='ocr_line' id='line_1_4' title="bbox 277 1146 1283 1229; baseline -0.001 -14"><span class='ocrx_word' id='word_1_19' title='bbox 277 1147 390 1216; x_wconf 88' lang='lat' dir='ltr'>limine</span> <span class='ocrx_word' id='word_1_20' title='bbox 407 1148 520 1216; x_wconf 85' lang='lat' dir='ltr'>stabat</span> <span class='ocrx_word' id='word_1_21' title='bbox 535 1147 620 1216; x_wconf 89' lang='lat' dir='ltr'>adeo</span> <span class='ocrx_word' id='word_1_22' title='bbox 635 1147 725 1216; x_wconf 90' lang='lat' dir='ltr'>idem</span> <span class='ocrx_word' id='word_1_23' title='bbox 740 1168 818 1215; x_wconf 91' lang='lat' dir='ltr'>cum</span> <span class='ocrx_word' id='word_1_24' title='bbox 847 1169 887 1216; x_wconf 92' lang='lat' dir='ltr'>eo</span> <span class='ocrx_word' id='word_1_25' title='bbox 902 1147 961 1229; x_wconf 86' lang='lat' dir='ltr'>qui</span> <span class='ocrx_word' id='word_1_26' title='bbox 989 1148 1159 1215; x_wconf 87' lang='lat' dir='ltr'>occultum</span> <span class='ocrx_word' id='word_1_27' title='bbox 1188 1146 1283 1214; x_wconf 83' lang='lat' dir='ltr'>foru-</span> 
     </span>
     <span class='ocr_line' id='line_1_5' title="bbox 277 1244 1279 1330; baseline -0.002 -14"><span class='ocrx_word' id='word_1_28' title='bbox 277 1249 348 1317; x_wconf 90' lang='lat' dir='ltr'>lum</span> <span class='ocrx_word' id='word_1_29' title='bbox 364 1255 546 1330; x_wconf 84' lang='lat' dir='ltr'>aperuerat</span> <span class='ocrx_word' id='word_1_30' title='bbox 562 1269 635 1316; x_wconf 88' lang='lat' dir='ltr'>esse</span> <span class='ocrx_word' id='word_1_31' title='bbox 651 1246 842 1328; x_wconf 88' lang='lat' dir='ltr'>videbatur,</span> <span class='ocrx_word' id='word_1_32' title='bbox 872 1255 913 1315; x_wconf 94' lang='lat' dir='ltr'>ut</span> <span class='ocrx_word' id='word_1_33' title='bbox 939 1247 973 1316; x_wconf 94' lang='lat' dir='ltr'>id</span> <span class='ocrx_word' id='word_1_34' title='bbox 1003 1247 1160 1316; x_wconf 88' lang='lat' dir='ltr'>adiurare</span> <span class='ocrx_word' id='word_1_35' title='bbox 1186 1244 1279 1314; x_wconf 89' lang='lat' dir='ltr'>haud</span> 
     </span>
     <span class='ocr_line' id='line_1_6' title="bbox 277 1347 495 1417; baseline 0 -1"><span class='ocrx_word' id='word_1_36' title='bbox 277 1347 495 1417; x_wconf 83' lang='lat' dir='ltr'><strong>dubitassem.</strong></span> 
     </span>
    </p>
   </div>
   <div class='ocr_carea' id='block_1_3' title="bbox 278 1463 1282 1733">
    <p class='ocr_par' dir='ltr' id='par_1_4' title="bbox 278 1463 1282 1733">
     <span class='ocr_line' id='line_1_7' title="bbox 363 1463 1280 1547; baseline -0.001 -15"><span class='ocrx_word' id='word_1_37' title='bbox 363 1465 401 1533; x_wconf 95' lang='lat' dir='ltr'>In</span> <span class='ocrx_word' id='word_1_38' title='bbox 417 1464 567 1533; x_wconf 91' lang='lat' dir='ltr'>medium</span> <span class='ocrx_word' id='word_1_39' title='bbox 582 1486 783 1547; x_wconf 84' lang='lat' dir='ltr'>progressus</span> <span class='ocrx_word' id='word_1_40' title='bbox 792 1485 964 1547; x_wconf 87' lang='lat' dir='ltr'>quemque</span> <span class='ocrx_word' id='word_1_41' title='bbox 976 1464 1011 1532; x_wconf 90' lang='lat' dir='ltr'>in</span> <span class='ocrx_word' id='word_1_42' title='bbox 1025 1463 1149 1532; x_wconf 86' lang='lat' dir='ltr'>faciem</span> <span class='ocrx_word' id='word_1_43' title='bbox 1164 1469 1280 1531; x_wconf 90' lang='lat' dir='ltr'>contu·</span> 
     </span>
     <span class='ocr_line' id='line_1_8' title="bbox 278 1563 1282 1733; baseline -0.003 -100"><span class='ocrx_word' id='word_1_44' title='bbox 278 1565 350 1678; x_wconf 84' lang='lat' dir='ltr'>itus</span> <span class='ocrx_word' id='word_1_45' title='bbox 353 1573 425 1733; x_wconf 53' lang='grc' dir='ltr'>(ξεῖ,</span> <span class='ocrx_word' id='word_1_46' title='bbox 442 1587 550 1647; x_wconf 89' lang='lat' dir='ltr'>quum</span> <span class='ocrx_word' id='word_1_47' title='bbox 566 1565 712 1647; x_wconf 89' lang='lat' dir='ltr'>denique</span> <span class='ocrx_word' id='word_1_48' title='bbox 728 1565 879 1646; x_wconf 81' lang='lat' dir='ltr'>Godfrey</span> <span class='ocrx_word' id='word_1_49' title='bbox 895 1564 1079 1647; x_wconf 82' lang='lat' dir='ltr'>conspexit,</span> <span class='ocrx_word' id='word_1_50' title='bbox 1096 1571 1131 1632; x_wconf 90' lang='lat' dir='ltr'>et</span> <span class='ocrx_word' id='word_1_51' title='bbox 1151 1563 1185 1631; x_wconf 93' lang='lat' dir='ltr'>in</span> <span class='ocrx_word' id='word_1_52' title='bbox 1202 1584 1282 1632; x_wconf 91' lang='lat' dir='ltr'>eum</span> 
     </span>
     <span class='ocr_line' id='line_1_9' title="bbox 279 1686 456 1733; baseline -0.006 0"><span class='ocrx_word' id='word_1_53' title='bbox 279 1687 351 1733; x_wconf 88' lang='lat' dir='ltr'>rem</span> <span class='ocrx_word' id='word_1_54' title='bbox 376 1686 456 1733; x_wconf 90' lang='lat' dir='ltr'>ens:</span> 
     </span>
    </p>
   </div>
   <div class='ocr_carea' id='block_1_4' title="bbox 280 1779 1285 2150">
    <p class='ocr_par' dir='ltr' id='par_1_5' title="bbox 280 1779 1285 2150">
     <span class='ocr_line' id='line_1_10' title="bbox 365 1779 1285 1863; baseline -0.003 -13"><span class='ocrx_word' id='word_1_55' title='bbox 365 1781 471 1850; x_wconf 87' lang='lat' dir='ltr'>“Eece</span> <span class='ocrx_word' id='word_1_56' title='bbox 481 1803 535 1850; x_wconf 90' lang='lat' dir='ltr'>me</span> <span class='ocrx_word' id='word_1_57' title='bbox 552 1782 615 1863; x_wconf 89' lang='lat' dir='ltr'>hic,</span> <span class='ocrx_word' id='word_1_58' title='bbox 625 1782 672 1850; x_wconf 91' lang='lat' dir='ltr'>mi</span> <span class='ocrx_word' id='word_1_59' title='bbox 683 1781 803 1863; x_wconf 90' lang='lat' dir='ltr'>Here,”</span> <span class='ocrx_word' id='word_1_60' title='bbox 821 1781 941 1863; x_wconf 69' lang='lat' dir='ltr'>inquit</span> <span class='ocrx_word' id='word_1_61' title='bbox 950 1802 1014 1862; x_wconf 85' lang='lat' dir='ltr'>ego</span> <span class='ocrx_word' id='word_1_62' title='bbox 1027 1801 1109 1848; x_wconf 88' lang='lat' dir='ltr'>vero</span> <span class='ocrx_word' id='word_1_63' title='bbox 1118 1801 1201 1848; x_wconf 91' lang='lat' dir='ltr'>voce</span> <span class='ocrx_word' id='word_1_64' title='bbox 1211 1779 1285 1848; x_wconf 92' lang='lat' dir='ltr'>eius</span> 
     </span>
     <span class='ocr_line' id='line_1_11' title="bbox 280 1878 1283 1964; baseline -0.001 -16"><span class='ocrx_word' id='word_1_65' title='bbox 280 1881 398 1949; x_wconf 90' lang='lat' dir='ltr'>audita</span> <span class='ocrx_word' id='word_1_66' title='bbox 412 1881 537 1950; x_wconf 87' lang='lat' dir='ltr'>iterum</span> <span class='ocrx_word' id='word_1_67' title='bbox 549 1883 676 1964; x_wconf 86' lang='lat' dir='ltr'>stupui,</span> <span class='ocrx_word' id='word_1_68' title='bbox 691 1883 815 1964; x_wconf 85' lang='lat' dir='ltr'>quippe</span> <span class='ocrx_word' id='word_1_69' title='bbox 827 1903 904 1963; x_wconf 88' lang='lat' dir='ltr'>quae</span> <span class='ocrx_word' id='word_1_70' title='bbox 920 1903 999 1950; x_wconf 85' lang='lat' dir='ltr'>curn</span> <span class='ocrx_word' id='word_1_71' title='bbox 1014 1902 1098 1948; x_wconf 91' lang='lat' dir='ltr'>voce</span> <span class='ocrx_word' id='word_1_72' title='bbox 1113 1878 1283 1948; x_wconf 88' lang='lat' dir='ltr'>Crochard</span> 
     </span>
     <span class='ocr_line' id='line_1_12' title="bbox 281 1980 1283 2064; baseline -0.001 -16"><span class='ocrx_word' id='word_1_73' title='bbox 281 1981 400 2049; x_wconf 91' lang='lat' dir='ltr'>eadem</span> <span class='ocrx_word' id='word_1_74' title='bbox 415 1990 497 2050; x_wconf 87' lang='lat' dir='ltr'>erat.</span> <span class='ocrx_word' id='word_1_75' title='bbox 515 1981 640 2064; x_wconf 86' lang='lat' dir='ltr'>“Spero</span> <span class='ocrx_word' id='word_1_76' title='bbox 656 2004 710 2051; x_wconf 88' lang='lat' dir='ltr'>me</span> <span class='ocrx_word' id='word_1_77' title='bbox 727 2003 865 2051; x_wconf 89' lang='lat' dir='ltr'>causam</span> <span class='ocrx_word' id='word_1_78' title='bbox 880 2003 985 2049; x_wconf 79' lang='lat' dir='ltr'>morae</span> <span class='ocrx_word' id='word_1_79' title='bbox 996 1980 1092 2049; x_wconf 92' lang='lat' dir='ltr'>vobis</span> <span class='ocrx_word' id='word_1_80' title='bbox 1106 2001 1174 2048; x_wconf 94' lang='lat' dir='ltr'>non</span> <span class='ocrx_word' id='word_1_81' title='bbox 1197 2000 1283 2061; x_wconf 86' lang='lat' dir='ltr'>prae·</span> 
     </span>
     <span class='ocr_line' id='line_1_13' title="bbox 281 2081 427 2150; baseline 0 -1"><span class='ocrx_word' id='word_1_82' title='bbox 281 2081 427 2150; x_wconf 86' lang='lat' dir='ltr'>buisse.”</span> 
     </span>
    </p>
   </div>
   <div class='ocr_carea' id='block_1_5' title="bbox 284 2197 1286 2380">
    <p class='ocr_par' dir='ltr' id='par_1_6' title="bbox 284 2197 1286 2380">
     <span class='ocr_line' id='line_1_14' title="bbox 367 2197 1286 2282; baseline -0.002 -15"><span class='ocrx_word' id='word_1_83' title='bbox 367 2197 625 2282; x_wconf 86' lang='lat' dir='ltr'>“Nequaquam,</span> <span class='ocrx_word' id='word_1_84' title='bbox 642 2199 732 2268; x_wconf 89' lang='lat' dir='ltr'>Here</span> <span class='ocrx_word' id='word_1_85' title='bbox 757 2200 887 2281; x_wconf 81' lang='lat' dir='ltr'>Pigot,’&#39;</span> <span class='ocrx_word' id='word_1_86' title='bbox 904 2198 1055 2280; x_wconf 79' lang='lat' dir='ltr'>Godfrey</span> <span class='ocrx_word' id='word_1_87' title='bbox 1071 2219 1151 2266; x_wconf 89' lang='lat' dir='ltr'>eum</span> <span class='ocrx_word' id='word_1_88' title='bbox 1167 2197 1286 2266; x_wconf 88' lang='lat' dir='ltr'>certio-</span> 
     </span>
     <span class='ocr_line' id='line_1_15' title="bbox 284 2299 859 2380; baseline 0.003 -15"><span class='ocrx_word' id='word_1_89' title='bbox 284 2319 355 2366; x_wconf 88' lang='lat' dir='ltr'>rem</span> <span class='ocrx_word' id='word_1_90' title='bbox 372 2299 464 2380; x_wconf 83' lang='lat' dir='ltr'>fecit‚</span> <span class='ocrx_word' id='word_1_91' title='bbox 480 2301 560 2368; x_wconf 80' lang='lat' dir='ltr'>sella</span> <span class='ocrx_word' id='word_1_92' title='bbox 575 2301 605 2368; x_wconf 94' lang='lat' dir='ltr'>ei</span> <span class='ocrx_word' id='word_1_93' title='bbox 621 2300 721 2368; x_wconf 89' lang='lat' dir='ltr'>simul</span> <span class='ocrx_word' id='word_1_94' title='bbox 737 2300 859 2368; x_wconf 78' lang='lat' dir='ltr'>oblata.</span> 
     </span>
    </p>
   </div>
   <div class='ocr_carea' id='block_1_6' title="bbox 284 2415 1287 3197">
    <p class='ocr_par' dir='ltr' id='par_1_7' title="bbox 284 2415 1287 3197">
     <span class='ocr_line' id='line_1_16' title="bbox 362 2415 1285 2499; baseline -0.002 -14"><span class='ocrx_word' id='word_1_95' title='bbox 362 2416 476 2497; x_wconf 91' lang='lat' dir='ltr'>Grady</span> <span class='ocrx_word' id='word_1_96' title='bbox 491 2426 596 2499; x_wconf 91' lang='lat' dir='ltr'>atque</span> <span class='ocrx_word' id='word_1_97' title='bbox 609 2417 802 2486; x_wconf 80' lang='lat' dir='ltr'>Sirnrnonds</span> <span class='ocrx_word' id='word_1_98' title='bbox 813 2420 969 2484; x_wconf 83' lang='lat' dir='ltr'>anconesl</span> <span class='ocrx_word' id='word_1_99' title='bbox 980 2437 1120 2484; x_wconf 87' lang='lat' dir='ltr'>suarum</span> <span class='ocrx_word' id='word_1_100' title='bbox 1127 2415 1285 2483; x_wconf 87' lang='lat' dir='ltr'>sellarum</span> 
     </span>
     <span class='ocr_line' id='line_1_17' title="bbox 285 2514 1287 2597; baseline -0.001 -14"><span class='ocrx_word' id='word_1_101' title='bbox 285 2515 412 2584; x_wconf 87' lang='lat' dir='ltr'>arctius</span> <span class='ocrx_word' id='word_1_102' title='bbox 437 2517 653 2597; x_wconf 76' lang='lat' dir='ltr'>prehendisse</span> <span class='ocrx_word' id='word_1_103' title='bbox 670 2517 752 2583; x_wconf 90' lang='lat' dir='ltr'>mihi</span> <span class='ocrx_word' id='word_1_104' title='bbox 774 2516 990 2596; x_wconf 85' lang='lat' dir='ltr'>videbantur,</span> <span class='ocrx_word' id='word_1_105' title='bbox 1016 2515 1188 2596; x_wconf 86' lang='lat' dir='ltr'>oculisque</span> <span class='ocrx_word' id='word_1_106' title='bbox 1211 2514 1287 2582; x_wconf 84' lang='lat' dir='ltr'>fixis</span> 
     </span>
     <span class='ocr_line' id='line_1_18' title="bbox 284 2615 1287 2697; baseline 0.001 -15"><span class='ocrx_word' id='word_1_107' title='bbox 284 2636 323 2683; x_wconf 93' lang='lat' dir='ltr'>ac</span> <span class='ocrx_word' id='word_1_108' title='bbox 338 2615 434 2683; x_wconf 89' lang='lat' dir='ltr'>labiis</span> <span class='ocrx_word' id='word_1_109' title='bbox 449 2616 576 2697; x_wconf 86' lang='lat' dir='ltr'>apertis</span> <span class='ocrx_word' id='word_1_110' title='bbox 591 2616 758 2684; x_wconf 84' lang='lat' dir='ltr'>advenam</span> <span class='ocrx_word' id='word_1_111' title='bbox 775 2616 998 2694; x_wconf 82' lang='lat' dir='ltr'>mirabantur;</span> <span class='ocrx_word' id='word_1_112' title='bbox 1015 2615 1098 2683; x_wconf 90' lang='lat' dir='ltr'>scire</span> <span class='ocrx_word' id='word_1_113' title='bbox 1111 2615 1214 2682; x_wconf 87' lang='lat' dir='ltr'>etiam</span> <span class='ocrx_word' id='word_1_114' title='bbox 1226 2636 1287 2697; x_wconf 88' lang='lat' dir='ltr'>pu·</span> 
     </span>
     <span class='ocr_line' id='line_1_19' title="bbox 286 2715 1285 2798; baseline -0.001 -14"><span class='ocrx_word' id='word_1_115' title='bbox 286 2715 402 2784; x_wconf 82' lang='lat' dir='ltr'>tabam</span> <span class='ocrx_word' id='word_1_116' title='bbox 432 2738 510 2798; x_wconf 88' lang='lat' dir='ltr'>quae</span> <span class='ocrx_word' id='word_1_117' title='bbox 540 2717 762 2797; x_wconf 73' lang='lat' dir='ltr'>cogitationes</span> <span class='ocrx_word' id='word_1_118' title='bbox 790 2738 908 2784; x_wconf 89' lang='lat' dir='ltr'>eorum</span> <span class='ocrx_word' id='word_1_119' title='bbox 924 2716 1054 2783; x_wconf 91' lang='lat' dir='ltr'>animos</span> <span class='ocrx_word' id='word_1_120' title='bbox 1070 2715 1285 2783; x_wconf 87' lang='lat' dir='ltr'>subivissent.</span> 
     </span>
     <span class='ocr_line' id='line_1_20' title="bbox 286 2816 1287 2898; baseline 0 -14"><span class='ocrx_word' id='word_1_121' title='bbox 286 2816 391 2884; x_wconf 84' lang='lat' dir='ltr'>Estne</span> <span class='ocrx_word' id='word_1_122' title='bbox 408 2816 461 2884; x_wconf 90' lang='lat' dir='ltr'>hic</span> <span class='ocrx_word' id='word_1_123' title='bbox 478 2817 598 2897; x_wconf 81' lang='lat' dir='ltr'>Pigot‘?</span> <span class='ocrx_word' id='word_1_124' title='bbox 609 2823 662 2884; x_wconf 84' lang='lat' dir='ltr'>An</span> <span class='ocrx_word' id='word_1_125' title='bbox 679 2817 732 2884; x_wconf 90' lang='lat' dir='ltr'>ille</span> <span class='ocrx_word' id='word_1_126' title='bbox 749 2816 807 2897; x_wconf 84' lang='lat' dir='ltr'>qui</span> <span class='ocrx_word' id='word_1_127' title='bbox 819 2817 970 2884; x_wconf 83' lang='lat' dir='ltr'>forulum</span> <span class='ocrx_word' id='word_1_128' title='bbox 982 2816 1152 2883; x_wconf 85' lang='lat' dir='ltr'>occultum</span> <span class='ocrx_word' id='word_1_129' title='bbox 1165 2837 1287 2898; x_wconf 85' lang='lat' dir='ltr'>aperu-</span> 
     </span>
     <span class='ocr_line' id='line_1_21' title="bbox 286 2915 1285 2997; baseline 0.001 -14"><span class='ocrx_word' id='word_1_130' title='bbox 286 2924 360 2984; x_wconf 89' lang='lat' dir='ltr'>erat</span> <span class='ocrx_word' id='word_1_131' title='bbox 377 2916 477 2997; x_wconf 80' lang='lat' dir='ltr'>Pigot</span> <span class='ocrx_word' id='word_1_132' title='bbox 489 2916 617 2985; x_wconf 82' lang='lat' dir='ltr'>fuerit?</span> <span class='ocrx_word' id='word_1_133' title='bbox 640 2916 711 2984; x_wconf 83' lang='lat' dir='ltr'>Aut</span> <span class='ocrx_word' id='word_1_134' title='bbox 727 2938 809 2984; x_wconf 89' lang='lat' dir='ltr'>vero</span> <span class='ocrx_word' id='word_1_135' title='bbox 824 2924 947 2984; x_wconf 89' lang='lat' dir='ltr'>neuter</span> <span class='ocrx_word' id='word_1_136' title='bbox 961 2915 1005 2983; x_wconf 93' lang='lat' dir='ltr'>sit</span> <span class='ocrx_word' id='word_1_137' title='bbox 1022 2915 1137 2997; x_wconf 81' lang='lat' dir='ltr'>Pigot?</span> <span class='ocrx_word' id='word_1_138' title='bbox 1152 2915 1179 2983; x_wconf 89' lang='lat' dir='ltr'>F</span> <span class='ocrx_word' id='word_1_139' title='bbox 1179 2916 1285 2984; x_wconf 87' lang='lat' dir='ltr'>ierine</span> 
     </span>
     <span class='ocr_line' id='line_1_22' title="bbox 287 3015 1286 3097; baseline -0.001 -13"><span class='ocrx_word' id='word_1_140' title='bbox 287 3023 399 3097; x_wconf 81' lang='lat' dir='ltr'>potest</span> <span class='ocrx_word' id='word_1_141' title='bbox 425 3024 464 3084; x_wconf 95' lang='lat' dir='ltr'>ut</span> <span class='ocrx_word' id='word_1_142' title='bbox 487 3016 540 3084; x_wconf 89' lang='lat' dir='ltr'>hic</span> <span class='ocrx_word' id='word_1_143' title='bbox 564 3016 649 3084; x_wconf 87' lang='lat' dir='ltr'>alius</span> <span class='ocrx_word' id='word_1_144' title='bbox 674 3038 713 3084; x_wconf 91' lang='lat' dir='ltr'>ac</span> <span class='ocrx_word' id='word_1_145' title='bbox 739 3016 895 3084; x_wconf 85' lang='lat' dir='ltr'>diversus</span> <span class='ocrx_word' id='word_1_146' title='bbox 910 3016 953 3084; x_wconf 92' lang='lat' dir='ltr'>ab</span> <span class='ocrx_word' id='word_1_147' title='bbox 969 3037 1009 3084; x_wconf 91' lang='lat' dir='ltr'>eo</span> <span class='ocrx_word' id='word_1_148' title='bbox 1024 3017 1068 3084; x_wconf 89' lang='lat' dir='ltr'>sit</span> <span class='ocrx_word' id='word_1_149' title='bbox 1085 3015 1144 3097; x_wconf 90' lang='lat' dir='ltr'>qui</span> <span class='ocrx_word' id='word_1_150' title='bbox 1171 3036 1286 3084; x_wconf 88' lang='lat' dir='ltr'>arcam</span> 
     </span>
     <span class='ocr_line' id='line_1_23' title="bbox 289 3116 499 3197; baseline 0 -13"><span class='ocrx_word' id='word_1_151' title='bbox 289 3116 499 3197; x_wconf 82' lang='lat' dir='ltr'>aperuerat?</span> 
     </span>
    </p>
   </div>
   <div class='ocr_carea' id='block_1_7' title="bbox 288 3232 1289 3615">
    <p class='ocr_par' dir='ltr' id='par_1_8' title="bbox 288 3232 1289 3615">
     <span class='ocr_line' id='line_1_24' title="bbox 373 3232 1289 3314; baseline 0.001 -14"><span class='ocrx_word' id='word_1_152' title='bbox 373 3232 540 3314; x_wconf 85' lang='lat' dir='ltr'>Equidem</span> <span class='ocrx_word' id='word_1_153' title='bbox 564 3233 675 3301; x_wconf 80' lang='lat' dir='ltr'>fateor</span> <span class='ocrx_word' id='word_1_154' title='bbox 700 3232 782 3300; x_wconf 91' lang='lat' dir='ltr'>mihi</span> <span class='ocrx_word' id='word_1_155' title='bbox 803 3254 938 3314; x_wconf 85' lang='lat' dir='ltr'>quoque</span> <span class='ocrx_word' id='word_1_156' title='bbox 964 3232 1109 3313; x_wconf 82' lang='lat' dir='ltr'>idgenus</span> <span class='ocrx_word' id='word_1_157' title='bbox 1139 3232 1289 3314; x_wconf 80' lang='lat' dir='ltr'>cogitata</span> 
     </span>
     <span class='ocr_line' id='line_1_25' title="bbox 288 3331 1285 3414; baseline 0.001 -14"><span class='ocrx_word' id='word_1_158' title='bbox 288 3340 323 3400; x_wconf 89' lang='lat' dir='ltr'>et</span> <span class='ocrx_word' id='word_1_159' title='bbox 334 3332 555 3413; x_wconf 85' lang='lat' dir='ltr'>suspitionem</span> <span class='ocrx_word' id='word_1_160' title='bbox 567 3331 740 3414; x_wconf 86' lang='lat' dir='ltr'>quandam</span> <span class='ocrx_word' id='word_1_161' title='bbox 751 3332 901 3414; x_wconf 82' lang='lat' dir='ltr'>Godfrey</span> <span class='ocrx_word' id='word_1_162' title='bbox 913 3341 1069 3400; x_wconf 91' lang='lat' dir='ltr'>nostrum</span> <span class='ocrx_word' id='word_1_163' title='bbox 1080 3354 1142 3401; x_wconf 92' lang='lat' dir='ltr'>nos</span> <span class='ocrx_word' id='word_1_164' title='bbox 1157 3332 1285 3413; x_wconf 87' lang='lat' dir='ltr'>ludere,</span> 
     </span>
     <span class='ocr_line' id='line_1_26' title="bbox 289 3431 1288 3514; baseline 0.002 -14"><span class='ocrx_word' id='word_1_165' title='bbox 289 3432 429 3500; x_wconf 85' lang='lat' dir='ltr'>suborta</span> <span class='ocrx_word' id='word_1_166' title='bbox 445 3454 517 3500; x_wconf 89' lang='lat' dir='ltr'>esse</span> <span class='ocrx_word' id='word_1_167' title='bbox 534 3432 686 3513; x_wconf 79' lang='lat' dir='ltr'>Godfrey</span> <span class='ocrx_word' id='word_1_168' title='bbox 702 3431 868 3514; x_wconf 85' lang='lat' dir='ltr'>dispicens</span> <span class='ocrx_word' id='word_1_169' title='bbox 884 3454 1004 3502; x_wconf 87' lang='lat' dir='ltr'>versus</span> <span class='ocrx_word' id='word_1_170' title='bbox 1015 3454 1077 3502; x_wconf 89' lang='lat' dir='ltr'>nos</span> <span class='ocrx_word' id='word_1_171' title='bbox 1088 3431 1288 3503; x_wconf 88' lang='lat' dir='ltr'>subridebat</span> 
     </span>
     <span class='ocr_line' id='line_1_27' title="bbox 290 3531 961 3615; baseline 0.003 -16"><span class='ocrx_word' id='word_1_172' title='bbox 290 3539 330 3600; x_wconf 92' lang='lat' dir='ltr'>ut</span> <span class='ocrx_word' id='word_1_173' title='bbox 344 3540 500 3601; x_wconf 86' lang='lat' dir='ltr'>nostrum</span> <span class='ocrx_word' id='word_1_174' title='bbox 516 3531 759 3600; x_wconf 89' lang='lat' dir='ltr'>animadvertit</span> <span class='ocrx_word' id='word_1_175' title='bbox 775 3540 961 3615; x_wconf 86' lang='lat' dir='ltr'>aspectum.</span> 
     </span>
    </p>
   </div>
   <div class='ocr_carea' id='block_1_8' title="bbox 291 3647 1291 3933">
    <p class='ocr_par' dir='ltr' id='par_1_9' title="bbox 291 3647 1291 3933">
     <span class='ocr_line' id='line_1_28' title="bbox 374 3647 1289 3733; baseline 0.004 -17"><span class='ocrx_word' id='word_1_176' title='bbox 374 3647 467 3716; x_wconf 89' lang='lat' dir='ltr'>“Hoc</span> <span class='ocrx_word' id='word_1_177' title='bbox 483 3649 613 3730; x_wconf 89' lang='lat' dir='ltr'>mane,&#39;&#39;</span> <span class='ocrx_word' id='word_1_178' title='bbox 629 3649 726 3717; x_wconf 84' lang='lat' dir='ltr'>fatur</span> <span class='ocrx_word' id='word_1_179' title='bbox 741 3649 902 3732; x_wconf 83' lang='lat' dir='ltr'>Godfrey,</span> <span class='ocrx_word' id='word_1_180' title='bbox 928 3650 983 3719; x_wconf 92' lang='lat' dir='ltr'>“in</span> <span class='ocrx_word' id='word_1_181' title='bbox 999 3656 1137 3733; x_wconf 86' lang='lat' dir='ltr'>portum</span> <span class='ocrx_word' id='word_1_182' title='bbox 1153 3649 1289 3720; x_wconf 88' lang='lat' dir='ltr'>descen·</span> 
     </span>
     <span class='ocr_line' id='line_1_29' title="bbox 291 3748 1291 3833; baseline 0.005 -17"><span class='ocrx_word' id='word_1_183' title='bbox 291 3748 325 3817; x_wconf 94' lang='lat' dir='ltr'>di</span> <span class='ocrx_word' id='word_1_184' title='bbox 354 3752 408 3818; x_wconf 84' lang='lat' dir='ltr'>Lo</span> <span class='ocrx_word' id='word_1_185' title='bbox 438 3752 631 3831; x_wconf 80' lang='lat' dir='ltr'>Soooioque</span> <span class='ocrx_word' id='word_1_186' title='bbox 657 3749 759 3818; x_wconf 90' lang='lat' dir='ltr'>adivi.</span> <span class='ocrx_word' id='word_1_187' title='bbox 791 3749 881 3818; x_wconf 89' lang='lat' dir='ltr'>Hero</span> <span class='ocrx_word' id='word_1_188' title='bbox 904 3751 1004 3833; x_wconf 83' lang='lat' dir='ltr'>Pigot</span> <span class='ocrx_word' id='word_1_189' title='bbox 1030 3758 1154 3819; x_wconf 88' lang='lat' dir='ltr'>cuncta</span> <span class='ocrx_word' id='word_1_190' title='bbox 1181 3751 1291 3821; x_wconf 89' lang='lat' dir='ltr'>noctis</span> 
     </span>
     <span class='ocr_line' id='line_1_30' title="bbox 292 3849 1291 3933; baseline 0.003 -16"><span class='ocrx_word' id='word_1_191' title='bbox 292 3849 461 3918; x_wconf 87' lang='lat' dir='ltr'>hesternae</span> <span class='ocrx_word' id='word_1_192' title='bbox 477 3857 602 3918; x_wconf 87' lang='lat' dir='ltr'>eventa</span> <span class='ocrx_word' id='word_1_193' title='bbox 631 3849 753 3931; x_wconf 87' lang='lat' dir='ltr'>evolvi,</span> <span class='ocrx_word' id='word_1_194' title='bbox 777 3849 965 3933; x_wconf 83' lang='lat' dir='ltr'>rogavique</span> <span class='ocrx_word' id='word_1_195' title='bbox 988 3871 1068 3920; x_wconf 91' lang='lat' dir='ltr'>eum</span> <span class='ocrx_word' id='word_1_196' title='bbox 1084 3857 1125 3919; x_wconf 94' lang='lat' dir='ltr'>ut</span> <span class='ocrx_word' id='word_1_197' title='bbox 1140 3850 1195 3920; x_wconf 88' lang='lat' dir='ltr'>hic</span> <span class='ocrx_word' id='word_1_198' title='bbox 1214 3872 1291 3920; x_wconf 91' lang='lat' dir='ltr'>con·</span> 
     </span>
    </p>
   </div>
   <div class='ocr_carea' id='block_1_9' title="bbox 394 4066 1176 4131">
    <p class='ocr_par' dir='ltr' id='par_1_10' title="bbox 394 4066 1176 4131">
     <span class='ocr_line' id='line_1_31' title="bbox 394 4066 1176 4131; baseline 0.006 -12"><span class='ocrx_word' id='word_1_199' title='bbox 394 4071 417 4121; x_wconf 93' lang='lat'>1.</span> <span class='ocrx_word' id='word_1_200' title='bbox 434 4067 546 4131; x_wconf 75' lang='lat' dir='ltr'>Ancon,</span> <span class='ocrx_word' id='word_1_201' title='bbox 563 4066 649 4130; x_wconf 75' lang='lat' dir='ltr'>-onio,</span> <span class='ocrx_word' id='word_1_202' title='bbox 666 4082 710 4129; x_wconf 75' lang='lat' dir='ltr'>nn,</span> <span class='ocrx_word' id='word_1_203' title='bbox 722 4067 795 4121; x_wconf 84' lang='lat' dir='ltr'>inter</span> <span class='ocrx_word' id='word_1_204' title='bbox 805 4068 867 4129; x_wconf 83' lang='lat' dir='ltr'>alia,</span> <span class='ocrx_word' id='word_1_205' title='bbox 880 4073 922 4122; x_wconf 77' lang='lat' dir='ltr'>est</span> <span class='ocrx_word' id='word_1_206' title='bbox 935 4067 1076 4122; x_wconf 70' lang='lat' dir='ltr'>brachium</span> <span class='ocrx_word' id='word_1_207' title='bbox 1092 4067 1176 4126; x_wconf 68' lang='lat' dir='ltr'>selle.</span> 
     </span>
    </p>
   </div>
   <div class='ocr_carea' id='block_1_10' title="bbox 0 0 1593 5016">
    <p class='ocr_par' dir='ltr' id='par_1_11' title="bbox 0 0 1593 5016">
     <span class='ocr_line' id='line_1_32' title="bbox 0 0 1593 5016; baseline 0 0"><span class='ocrx_word' id='word_1_208' title='bbox 0 0 1593 5016; x_wconf 95' lang='lat' dir='ltr'> </span> 
     </span>
    </p>
   </div>
  </div>
 </body>
</html>
