3128 5016
277 745 319 815 70
541 760 750 814 ursmmun
773 761 879 815 anon
900 755 1020 815 eoum

362 927 547 1012 “Quaedam
562 928 689 1011 species
703 928 789 998 acidi
810 928 1048 1012 hydrocyanici
1063 935 1125 1010 est,
1141 935 1181 998 ut
1196 935 1282 1011 puto

279 1028 369 1097 -id
385 1030 474 1098 enim
491 1028 574 1097 odor
588 1028 718 1111 prodit;
754 1028 813 1097 sed
829 1028 1055 1111 quinquagies
1079 1028 1282 1098 virulentior

277 1127 501 1198 existimanda
516 1150 619 1210 quam
633 1127 768 1197 acidum
782 1127 1102 1211 hydrocyanicurn.’'

362 1228 528 1310 Deinceps
543 1228 577 1296 in
604 1228 881 1310 disceptationem
896 1229 938 1298 de
953 1227 1182 1312 probabilibus
1206 1229 1283 1299 eius

278 1328 364 1398 acidi
393 1328 569 1411 speciebus
596 1328 854 1410 descenderunt,
879 1350 990 1398 senno
1016 1336 1131 1397 tamen
1161 1350 1281 1398 eorum

279 1428 435 1497 terminis
449 1428 611 1497 technicis
625 1428 673 1496 ita
688 1428 854 1498 abstrusis
878 1435 1008 1498 scatere
1023 1428 1136 1510 coepit,
1152 1436 1193 1498 ut
1208 1450 1283 1498 sen·

279 1550 355 1598 sum
371 1528 525 1611 colloquii
541 1550 660 1597 eorum
675 1529 809 1612 assequi
832 1550 901 1598 non
926 1550 1069 1611 possem.
1107 1528 1283 1611 Freyling·

279 1628 399 1697 huisen
416 1628 479 1697 has
493 1650 547 1697 res
562 1628 682 1710 utique
698 1628 733 1696 in
748 1636 911 1712 promptu
938 1628 1086 1697 habebat
1102 1664 1142 1673 -
1157 1629 1283 1698 exami-

279 1749 325 1796 na
339 1728 505 1810 siquidem
521 1727 607 1810 ‘post
622 1728 778 1797 mortem’
800 1729 913 1798 victus
927 1728 1002 1797 eius
1016 1735 1091 1797 erat
1116 1727 1283 1811 quotidia-

280 1849 355 1908 nus,
371 1849 433 1896 nec
449 1827 676 1896 dubitandum
691 1835 744 1896 est
758 1828 841 1910 quin
858 1827 980 1897 exinde
995 1849 1016 1897 a
1030 1827 1215 1897 novissimo
1229 1849 1283 1897 ca-

280 1950 321 1997 su
337 1950 399 1997 suo
414 1928 449 1996 in
465 1927 554 1997 hanc
568 1928 820 2010 inquisitionem
835 1950 871 1997 se
883 1928 1073 2010 accingens,
1099 1928 1225 2011 quippe
1247 1928 1282 1997 in

279 2049 348 2110 quo
363 2027 492 2097 enitere
518 2027 706 2110 satagebat,
722 2027 750 2096 si
765 2027 869 2097 etiam
884 2049 903 2096 e
927 2027 1084 2109 rubigine
1109 2027 1283 2096 memoriae

278 2127 508 2208 laboravisset,
534 2149 570 2196 se
585 2127 773 2196 exterserit.
809 2127 949 2197 Licebat
963 2127 1046 2196 mihi
1071 2126 1283 2196 animadver-

280 2235 353 2296 tere
369 2249 448 2296 eum
464 2249 507 2296 ex
521 2226 749 2296 ostentatione
765 2249 837 2296 suae
851 2249 965 2297 coram
981 2225 1125 2309 Hughes
1150 2227 1283 2309 peritiae

278 2326 372 2396 haud
387 2348 509 2409 parum
525 2326 764 2395 oblectamenti
790 2327 989 2410 percepisse,
1005 2326 1063 2409 qui
1079 2325 1218 2408 quidem
1239 2348 1283 2395 ex

280 2426 495 2496 exercitanda
510 2425 601 2509 apud
617 2427 765 2496 familias
780 2427 987 2509 locupletum
1012 2425 1180 2495 medicina
1204 2425 1281 2496 illu·

281 2526 361 2595 stris
374 2532 579 2608 proventum
595 2525 657 2594 sibi
673 2547 870 2609 comparare
885 2526 1013 2595 solebat
1028 2526 1128 2608 longe
1149 2525 1284 2595 tructu-

281 2626 425 2694 osiorem
440 2647 544 2707 quam
559 2646 628 2708 quo
644 2625 925 2709 Freylinghuisen
937 2647 1000 2708 par
1015 2632 1098 2706 erat,
1125 2625 1282 2695 toxicolo

281 2725 348 2807 giae
361 2725 628 2808 haudquaquam
644 2747 717 2795 esse
743 2733 877 2809 poterat
892 2725 941 2794 ita
955 2725 1087 2808 peritus
1111 2732 1153 2793 ut
1178 2725 1285 2794 medi·

279 2847 339 2894 cus
353 2825 541 2893 mortuarii.

362 2924 501 2993 Medicis
516 2946 624 3006 usque
639 2924 907 3008 disceptantibus
922 2924 991 2994 duo
1006 2924 1236 3007 speculatores
1246 2932 1283 2994 et

279 3024 487 3093 mortuarius
502 3024 629 3094 reversi
645 3032 736 3106 sunt,
752 3032 856 3108 atque
872 3025 1026 3094 Doctoris
1050 3024 1284 3107 Freylinghui-

280 3146 340 3193 sen
356 3124 613 3206 explicationem
629 3127 728 3193 casus
743 3125 880 3194 silentes
895 3125 1187 3193 auscultaverunt.
1202 3123 1284 3193 Vul-

279 3231 336 3293 tus
351 3223 465 3306 Grady
480 3225 600 3294 fuscus
615 3247 755 3307 prorsus
769 3225 851 3294 nihil
867 3224 1031 3307 prodebat
1055 3224 1137 3307 quid
1162 3223 1224 3293 sibi
1246 3224 1282 3293 in

279 3323 392 3392 animo
408 3331 614 3406 versaretur,
631 3325 689 3394 sed
715 3325 908 3395 Simmonds
932 3325 1032 3408 plane
1058 3324 1284 3393 conturbatus

279 3445 353 3493 esse
368 3423 559 3493 videbatur.
582 3424 670 3494 Satis
685 3425 789 3494 etiam
805 3425 894 3494 clare
909 3447 952 3493 ex
967 3432 1106 3507 aspectu
1121 3424 1196 3493 eius
1205 3445 1283 3493 con·

279 3523 392 3592 stabat
408 3523 490 3593 nihil
506 3533 680 3606 repertum
696 3525 803 3594 fuisse
828 3524 920 3607 quod
944 3545 1068 3593 arcano
1094 3524 1209 3593 lumen
1232 3524 1282 3593 af·

278 3623 424 3692 tundere
440 3632 574 3706 posset;
596 3633 701 3707 atque
716 3647 818 3706 nunc,
834 3625 893 3694 ubi
916 3646 979 3694 sua
994 3624 1037 3694 de
1052 3623 1191 3694 suicidio
1205 3645 1283 3693 con·

278 3723 408 3792 iectura
422 3745 585 3793 concussa
600 3724 735 3807 iaceret,
751 3725 785 3793 in
801 3725 894 3794 invia
909 3747 944 3794 se
959 3724 1145 3794 deductum
1167 3724 1281 3793 sensit.

280 3823 375 3893 ldem
391 3823 433 3892 de
448 3823 563 3906 Grady
579 3824 779 3906 existimavi,
794 3846 916 3895 verum
930 3825 1001 3908 ipse
1015 3825 1063 3894 ita
1078 3824 1140 3894 sibi
1155 3832 1283 3907 tempe

281 3945 357 3993 rare
372 3946 434 4006 par
448 3931 532 4004 erat,
548 3932 587 3993 ut
603 3924 837 3994 nihilomnino
852 3924 1020 4008 proderet.

364 4024 573 4094 Mortuarius
601 4024 686 4095 duos
715 4026 862 4096 medicos
891 4025 1008 4109 paucis
1033 4024 1216 4108 sevocavit,
1246 4031 1282 4095 et
