3128 5016
500 797 722 853 rosunurrs
746 797 1041 852 urcunsrovrrcn
1218 784 1282 855 285

363 967 479 1050 Grady
494 967 642 1050 quadam
656 988 736 1036 cum
750 967 952 1037 toleratione
967 966 1100 1036 annuit.

362 1068 547 1138 “Homines
572 1067 735 1137 eiusmodi
759 1066 885 1136 mirum
911 1072 1081 1150 quantum
1102 1088 1195 1137 curae
1220 1066 1284 1137 sibi

279 1191 414 1239 sumere
444 1169 553 1237 solent
581 1167 615 1236 in
646 1166 799 1236 minutiis
827 1167 1002 1250 idgenus‚”
1039 1167 1285 1251 interpretatur

279 1269 404 1352 Grady.
427 1267 604 1338 “Solemne
624 1267 716 1350 apud
732 1289 790 1336 eos
804 1274 856 1337 est
871 1267 1022 1349 pagellas
1035 1288 1161 1350 magna
1171 1274 1284 1337 osten-

280 1370 409 1439 tatione
424 1369 459 1437 in
476 1389 628 1437 mensam
642 1367 804 1436 lusoriam
819 1367 972 1449 deiicere,
987 1366 1122 1437 etiamsi
1143 1367 1287 1451 pagellae

280 1492 323 1539 ne
339 1470 446 1538 hilum
462 1468 600 1551 quidem
615 1468 783 1537 valeant.'’

363 1568 456 1637 “Hac
479 1576 594 1637 tamen
618 1567 692 1637 vice
714 1568 864 1650 pagellas
884 1567 1041 1637 victrices
1059 1567 1202 1649 tenuit,”
1218 1589 1288 1637 mo·

279 1669 340 1738 nui
354 1690 429 1751 ego.
445 1666 565 1736 “Lusit
580 1674 698 1736 autem
711 1689 817 1736 manu
832 1667 967 1750 insigni.
983 1668 1083 1738 Certe
1098 1667 1170 1752 ipse
1185 1667 1287 1737 homo

281 1776 334 1838 est
348 1768 561 1851 praeclarus.”

364 1867 431 1935 “Et
444 1866 583 1935 historio
599 1866 774 1948 eximius‚’'
790 1866 905 1950 Grady
920 1868 1100 1951 supplevit.
1117 1866 1182 1937 “Hi
1197 1867 1289 1937 enim

282 1990 416 2050 semper
441 1967 489 2034 ita
513 1973 623 2047 agunt
648 1967 744 2048 quasi
770 1966 838 2035 sint
863 1967 898 2035 in
914 1988 1038 2049 scoena,
1055 1974 1135 2037 ante
1150 1967 1289 2037 lumina

283 2069 360 2137 Non
375 2088 452 2135 raro
468 2088 522 2134 me
538 2088 656 2135 eorum
671 2065 785 2135 taedet.
814 2065 927 2136 Heus!
950 2066 1033 2150 Quis
1047 2067 1075 2137 is
1088 2068 1182 2138 estl”

364 2167 498 2236 Ostium
514 2166 638 2248 raptim
668 2166 840 2249 aperitur;
855 2166 1008 2236 subitum
1023 2188 1062 2236 ac
1077 2168 1180 2237 breve
1196 2168 1293 2237 collo

283 2270 401 2351 quium
417 2288 495 2336 cum
511 2265 692 2335 decurione
706 2266 749 2335 ad
764 2267 974 2350 scriptoriam
999 2266 1191 2351 exauditur,
1215 2275 1292 2338 tum

283 2368 382 2438 celeri
405 2389 525 2450 gressu
551 2366 704 2435 anterius
729 2367 920 2436 cubiculum
945 2368 1166 2450 percurritur,
1187 2375 1292 2451 atque

286 2468 437 2549 Godirey
450 2468 493 2536 ad
509 2489 571 2536 nos
585 2466 694 2535 irruit.

367 2567 474 2637 Celeri
490 2567 615 2636 obtutu
630 2566 801 2649 perspexit
821 2588 934 2636 arcam
951 2568 1066 2650 Boule,
1091 2567 1179 2637 vidit
1197 2568 1293 2638 foru-

284 2670 354 2739 lum
380 2669 552 2738 occultum
577 2675 694 2750 patere
718 2674 823 2749 atque
848 2689 1015 2749 vacuum;
1031 2668 1110 2738 dein
1125 2667 1240 2737 oculos
1255 2667 1290 2737 in

285 2768 400 2850 Grady
415 2769 542 2838 defixit.

369 2867 524 2948 “Ergone
539 2868 648 2936 evasit
663 2889 743 2936 cum
759 2867 799 2935 iis
807 2867 844 2935 ?”
860 2868 995 2949 quaerit.

370 2965 511 3049 “Quem,
527 2966 664 3047 malum,
680 2974 715 3034 te
731 2987 803 3035 esse
819 2966 994 3038 arbitraris
1004 2968 1041 3038 ?”
1064 2968 1166 3037 vultu
1185 2967 1294 3037 suffu-

287 3090 323 3137 so
337 3067 496 3135 inclamat
512 3087 592 3135 eum
607 3065 732 3148 Grady,
749 3064 818 3135 “sic
833 3066 901 3136 huc
916 3067 1044 3137 intrare
1058 3067 1187 3137 ausus?
1207 3068 1296 3151 Apa·

287 3189 330 3250 ge
346 3167 391 3236 sis
405 3166 493 3247 hinc,
509 3166 658 3248 alioquin
674 3167 756 3235 faxo
772 3174 812 3235 ut
827 3167 1007 3236 eiiciaris!”

371 3266 481 3349 “Quin
498 3288 563 3348 ego
578 3288 653 3335 mea
662 3275 783 3349 sponte
795 3267 924 3348 abibo,'’
940 3268 1145 3350 compositus
1156 3289 1293 3351 respon·

288 3368 346 3437 det
368 3366 528 3448 Godfrey.
546 3365 639 3435 “Iam
661 3366 730 3434 vidi
746 3366 837 3449 quod
853 3367 969 3436 videre
984 3367 1088 3436 volui.
1113 3368 1231 3439 Unum
1247 3375 1298 3437 ta·

288 3490 366 3537 men
380 3474 416 3537 te
428 3467 596 3535 monitum
610 3488 683 3535 esse
699 3467 812 3548 velim,
828 3466 943 3548 Grady
958 3467 1071 3538 -hac
1087 3475 1186 3538 nocte
1200 3475 1297 3537 tuam

288 3567 458 3652 propriam
473 3566 625 3650 supplicii
641 3567 847 3635 sententiam
871 3567 922 3635 tui
937 3567 1164 3652 subscripsisti
1174 3568 1203 3638 !’'

371 3667 481 3750 “Quid
496 3667 548 3735 his
562 3666 675 3736 verbis
701 3666 843 3736 innuere
866 3666 962 3737 vis?’'
984 3668 1191 3739 submissiori
1215 3690 1299 3740 voce

289 3768 413 3852 quaerit
429 3767 553 3849 Grady.

372 3866 592 3950 “significare
619 3868 696 3937 volo
722 3876 767 3950 te,
793 3876 869 3952 post
893 3870 1093 3953 evulgatam
1122 3870 1299 3942 historiam

289 3989 404 4041 rerum
418 3968 482 4038 hac
504 3976 604 4039 nocte
617 3976 804 4053 gestarum,
818 3991 862 4039 ne
876 3968 995 4040 horam
1018 3969 1156 4055 quidem
1178 3970 1301 4056 perdu-

291 4077 447 4142 ratumm
457 4069 486 4138 '55
