3128 5016
552 780 838 834 nnmomnours
1153 761 1216 831 101

217 950 341 1019 culum.
364 949 466 1018 Sume
482 949 653 1018 animum!
676 950 763 1031 Quin
781 971 834 1017 res
850 948 995 1030 idgenus
1016 948 1073 1016 vix
1100 949 1158 1017 ulli
1181 948 1215 1015 in

216 1051 288 1118 vita
310 1051 413 1118 semel
439 1051 605 1132 contingit
632 1087 672 1094 -
699 1057 853 1119 evertere
877 1050 1048 1118 occultum
1063 1049 1216 1117 forulum

216 1159 381 1219 matronae
407 1151 449 1219 de
476 1150 695 1232 Montespan!
731 1150 783 1219 Sic
810 1149 1002 1232 profect0!”
1039 1149 1216 1231 subiungit

217 1251 321 1319 oculis
335 1251 549 1332 micantibus
565 1250 620 1319 “et
646 1258 686 1318 ut
713 1250 848 1318 insimul
874 1250 1084 1318 malefactori
1109 1250 1216 1317 nostri

216 1352 280 1420 aevi
296 1351 519 1420 audacissimo
534 1374 596 1419 nos
611 1352 700 1433 ipsos
715 1373 831 1433 aequas
842 1350 1056 1432 praebeamus
1068 1350 1178 1417 obices
1188 1349 1216 1417 t’'

300 1451 400 1519 Risus
415 1452 487 1519 eius
502 1451 612 1532 petitis
627 1451 728 1518 index
743 1473 814 1518 suae
830 1458 904 1518 erat
919 1449 1160 1518 concitationis.

300 1551 417 1631 “Dein,
433 1552 549 1631 scisne,
565 1551 610 1618 mi
628 1551 756 1630 Lester,
772 1551 854 1631 quid
872 1551 905 1617 in
920 1572 960 1617 eo
976 1551 1088 1617 forulo
1105 1571 1217 1631 reper-

217 1653 282 1719 turi
300 1652 429 1719 simus?
452 1653 497 1719 nt
513 1651 575 1719 hoc
592 1658 698 1718 --est
724 1652 879 1732 profecto
904 1672 997 1717 mera
1023 1649 1217 1717 coniectura

219 1787 259 1794 -
275 1752 467 1819 coniectura
482 1751 676 1831 coecissima,
687 1751 745 1819 sed
757 1751 784 1818 si
797 1751 840 1818 sit
855 1773 937 1818 vera
951 1751 1024 1817 —si
1042 1772 1124 1817 vera
1135 1750 1177 1817 sit
1189 1749 1217 1816 !'’

298 1852 326 1919 E
341 1853 420 1919 sella
436 1874 498 1919 sua
513 1852 634 1919 exsiliit
651 1851 744 1919 labra
765 1851 939 1930 mandens
967 1857 1038 1918 toto
1068 1857 1217 1918 tremens

214 1973 363 2032 corpore.
387 1952 481 2018 lntra
498 1974 605 2032 pauca
620 1959 734 2018 tamen
752 1960 924 2018 momenta
940 1950 1117 2031 requievit.

298 2051 407 2119 “Utut
423 2051 476 2129 sit,
492 2052 619 2132 Lester,
636 2073 748 2119 nonne
764 2051 845 2118 mihi
872 2073 939 2118 non
967 2050 1102 2118 deeris?
1119 2050 1218 2118 Veni-

213 2151 343 2219 esne?''

298 2250 382 2318 Mori
399 2251 472 2318 eius
488 2251 583 2332 quasi
601 2251 732 2332 magico
748 2251 912 2319 obluctari
935 2251 1026 2318 haud
1052 2257 1214 2332 poteram.

214 2350 385 2418 Praeterea
402 2388 440 2393 —
457 2352 610 2419 occultus
625 2352 759 2419 forulus
772 2352 938 2419 Matronae
955 2351 995 2418 de
1012 2351 1213 2431 Montespan

216 2457 289 2517 erat
306 2451 531 2518 evertendusl
554 2451 674 2518 (lbices
689 2452 778 2532 ipsos
794 2473 856 2518 nos
872 2473 1008 2518 eramus
1023 2451 1086 2517 aevi
1104 2450 1210 2518 nostri

213 2573 345 2618 summo
361 2551 569 2618 malefactori
587 2551 749 2632 posituri!
767 2552 903 2632 Quanta
919 2549 1131 2617 discrimina!

296 2651 459 2730 “Adero’'
476 2651 632 2732 respondi
647 2652 744 2718 celeri
764 2652 889 2719 haustu
905 2650 1010 2729 acris;
1027 2649 1216 2717 “veniam!”

296 2751 402 2818 Vultu
419 2751 515 2818 hilari
533 2774 587 2818 me
603 2751 637 2818 in
654 2751 796 2818 humero
812 2751 1039 2832 conpalpavit.

295 2850 354 2917 “ld
372 2858 405 2918 te
422 2852 597 2918 facturum
614 2850 712 2917 novi!
736 2851 826 2932 argo
842 2850 974 2932 vesperi
990 2850 1146 2917 crastino
1174 2886 1214 2893 -

212 2950 261 3017 Te
277 2972 475 3017 accersurus
491 2950 573 3018 hora
590 2950 734 3031 septima
761 2950 820 3018 tibi
847 2950 959 3017 adero.
997 2949 1216 3018 Coenabimus

212 3071 336 3116 una-
352 3072 390 3118 ac
408 3057 493 3130 tum,
509 3072 607 3131 cuge,
624 3050 753 3131 grande
769 3050 850 3118 illud
867 3048 1048 3118 arcanum!
1064 3050 1217 3117 Conven-

212 3157 334 3217 tumne
344 3151 379 3218 ?’'

298 3250 571 3319 “Conventumt”
589 3251 755 3331 respondi.

295 3350 446 3432 Sumptis
462 3352 548 3418 lana
565 3351 718 3432 pileoque
735 3351 776 3418 ad
794 3351 929 3418 ianuam
947 3351 1096 3418 accessit.

296 3451 480 3531 “Quaedam
498 3473 576 3531 quae
592 3450 663 3517 lieri
680 3451 828 3519 debeant
845 3453 1060 3532 supersunt‚'’
1088 3451 1215 3532 inquit;

211 3549 333 3617 “lorica
350 3551 405 3618 illa
421 3551 532 3631 parari
549 3550 686 3618 debebit
705 3587 740 3595 ψ
757 3559 862 3632 atque
887 3551 973 3618 ratio
1000 3550 1215 3632 procedendi,

210 3659 250 3717 ut
265 3650 337 3729 sciS,
354 3651 589 3731 excogitanda.
627 3651 720 3732 Vale,
748 3651 863 3731 igitur,
891 3653 1041 3718 faustam
1064 3651 1125 3719 tibi
1142 3674 1215 3733 pre-

209 3772 269 3818 cor
284 3757 419 3818 noctem
436 3786 475 3793 -
492 3751 534 3819 ad
551 3751 748 3818 hodiernam
764 3774 873 3832 usque
889 3773 1066 3832 vesperam
1080 3751 1109 3818 !’'

292 3851 341 3918 Eo
357 3851 504 3932 denique
520 3851 672 3931 digresso
689 3875 767 3919 mox
784 3852 920 3919 ianuam
948 3873 1034 3933 pone
1050 3874 1085 3920 se
1101 3852 1214 3920 claudi

207 3951 458 4032 strepitumque
474 3973 655 4031 gressuum
672 3952 880 4032 pedetentim
903 3973 1104 4020 evanescere
1120 3952 1216 4020 audi-

205 4051 249 4119 vi.
274 4051 530 4132 Horologiolum
547 4059 622 4119 tum
634 4051 768 4133 aspexi:
785 4051 868 4119 hora
883 4052 1040 4120 fereerat
1052 4052 1209 4121 secunda·
