3128 5016
312 757 376 831 214
575 772 785 826 ursrnaruu
807 772 916 826 nacla
937 766 1056 826 nomn

310 937 426 1020 capis?
458 939 555 1008 Tuus
570 939 624 1008 ille
649 940 855 1010 admirabilis
878 940 1029 1009 Armand
1055 939 1118 1008 hoc
1144 945 1318 1021 perpetra·

313 1039 395 1121 vit,''
411 1038 518 1121 digito
532 1040 679 1109 cadaver
693 1041 941 1110 demonstrans.

397 1156 474 1225 Acsi
488 1157 587 1238 gravi
603 1157 673 1226 ictu
689 1158 724 1226 in
748 1158 857 1240 capite
882 1178 1063 1240 percussus
1088 1177 1196 1226 essem
1218 1156 1319 1238 sensi,

317 1256 451 1338 atrique
477 1264 557 1325 ante
583 1258 698 1326 oculos
723 1279 816 1326 meos
842 1257 956 1326 circuli
979 1278 1103 1339 gyrare
1129 1256 1211 1325 mihi
1227 1256 1321 1325 vide·

317 1356 468 1425 bantur.
486 1410 493 1425 .
511 1410 518 1424 .

399 1471 551 1542 “Accede
566 1473 611 1542 sis
625 1495 675 1555 eo,
700 1474 743 1543 ad
768 1474 987 1555 fenestram,’'
1013 1473 1111 1556 quasi
1138 1473 1319 1556 imperiosa

318 1593 401 1641 voce
417 1571 569 1655 Godfrey
583 1595 638 1641 me
653 1574 792 1655 affatur,
805 1573 1012 1655 “auramque
1022 1581 1100 1655 pete
1116 1574 1320 1641 recentem.''

400 1689 502 1757 Parui
519 1690 687 1758 automati
702 1691 819 1771 instar,
836 1691 983 1772 stetique
994 1690 1215 1771 quadraturae
1226 1690 1323 1758 fene·

318 1797 399 1858 strae
423 1789 611 1872 applicitus,
635 1790 749 1858 oculos
772 1791 806 1857 in
831 1790 1003 1872 frequenti
1030 1811 1172 1872 pascens
1195 1789 1314 1858 Platea

316 1889 398 1958 dum
415 1889 527 1958 turbae
543 1890 657 1971 populi
683 1912 819 1958 sursum
843 1890 1070 1971 deorsumque
1096 1889 1322 1965 fluctuabant,

315 1990 476 2058 facinoris
491 1998 561 2058 tam
578 2012 682 2072 prope
698 1990 740 2058 ad
757 2012 792 2058 se
808 1991 993 2072 perpetrati
1018 2012 1156 2072 prorsus
1181 1990 1322 2071 ignarae.

317 2091 361 2158 Et
376 2091 422 2158 sic
437 2090 582 2171 denique
598 2090 728 2172 placida
743 2090 971 2159 multitudinis
986 2090 1223 2172 tranquillima,
1239 2090 1323 2159 item

317 2198 519 2272 conspectus
534 2189 651 2258 mundi
667 2212 805 2258 cursum
821 2212 922 2258 suum
950 2190 1047 2257 solito
1071 2212 1165 2258 more
1194 2189 1325 2271 perfici·

318 2290 406 2359 entis
420 2299 553 2372 partem
568 2290 749 2358 dumtaxat
764 2290 897 2359 tiduciae
911 2290 977 2358 mei
994 2299 1098 2372 atque
1128 2291 1217 2359 vires
1239 2290 1323 2358 milri

317 2397 564 2459 restaurarunt.
587 2390 715 2458 Verum
731 2412 774 2458 ne
790 2412 881 2458 nunc
898 2390 1035 2472 quidem
1051 2390 1133 2458 satis
1157 2390 1319 2459 intellexi.

402 2506 546 2576 “Fuitne
561 2507 590 2575 is
605 2507 756 2575 Annand
769 2507 805 2576 ?'’
821 2528 938 2589 quaero
962 2508 1099 2575 vultum
1125 2507 1159 2575 in
1186 2507 1324 2576 cubicu-

321 2608 393 2676 lum
409 2615 594 2687 revertens,
611 2606 828 2675 “Annandne
843 2607 878 2675 in
893 2607 1019 2688 angulo
1034 2606 1164 2675 iacebat
1173 2607 1209 2674 ?''

404 2723 617 2793 “Certissime
647 2723 675 2791 is
710 2724 781 2805 ipse
811 2723 909 2804 fuit‚”
947 2723 1128 2805 respondet
1158 2723 1321 2807 Godfrey.

325 2824 432 2908 “Quis
447 2824 535 2892 alius
548 2824 581 2891 id
596 2845 668 2891 esse
684 2825 859 2905 poterat?”

402 2923 606 3005 “Godfrey,”
623 2923 735 2991 subito
750 2923 902 3004 clamavi,
926 2944 1033 3004 quum
1057 2923 1249 2992 meminisse
1275 2924 1325 2993 in·

320 3024 478 3107 ciperem,
502 3023 681 3091 “vidistine
702 3023 776 3091 cius
798 3023 912 3091 oculos
926 3022 1009 3090 dum
1024 3023 1069 3091 ibi
1086 3023 1197 3092 iacens
1211 3023 1325 3093 obser·

320 3124 426 3192 vabat
441 3123 611 3192 hominem
627 3122 715 3191 circa
729 3145 841 3191 arcam
864 3131 1067 3204 occupatum
1077 3122 1113 3190 ?“

404 3223 519 3302 “Vidi;
535 3222 604 3290 vidi
621 3223 694 3291 eius
709 3223 852 3291 oculos’'

405 3323 470 3392 “Hi
486 3323 587 3391 iidem
603 3330 700 3391 erant
717 3323 803 3391 oculi
821 3376 828 3390 .
846 3376 853 3390 .
871 3323 900 3390 .”

405 3423 531 3492 “lidem
545 3423 663 3491 oculi.”

405 3523 527 3591 “Risus
541 3531 656 3591 autem
673 3558 713 3566 -
729 3522 933 3591 audivistine
949 3545 1027 3592 eum
1044 3524 1150 3592 risum
1160 3522 1197 3591 ?”

406 3622 563 3701 “Audivi
579 3622 763 3704 profecto.”

407 3722 500 3805 “Ego
517 3722 608 3790 hunc
623 3722 689 3789 iam
713 3730 813 3790 anter
837 3721 984 3801 audivi,”
1011 3722 1139 3791 asserui
1166 3744 1241 3804 ego,
1264 3722 1325 3793 “tu

322 3832 438 3893 autem
453 3844 576 3891 nervos
591 3844 684 3890 meos
699 3844 771 3890 esse
787 3822 949 3903 putavisti
961 3822 990 3889 !”

407 3940 588 4008 Paululum
619 3939 775 4019 conticui,
803 3939 894 4021 quod
919 3940 1083 4008 memoria
1106 3939 1181 4008 eius
1206 3939 1253 4009 rei
1274 3961 1329 4010 co-

324 4040 451 4112 horrui.
