3150 5468
355 1185 418 1253 242
608 1208 814 1266 ursrunruu
831 1208 938 1265 mecm
956 1204 1075 1265 route

440 1369 597 1445 “Serione
613 1377 646 1446 id
662 1379 712 1448 ais
720 1380 757 1449 ?’'

440 1470 508 1544 “Ut
524 1479 700 1549 maxime.'’

440 1574 620 1659 “Quidum,
637 1580 767 1663 Hercle,
784 1584 847 1652 scis
863 1636 870 1651 .
888 1636 896 1650 .
913 1582 967 1651 .?”

440 1675 654 1761 “Antequam
671 1682 730 1751 tibi
747 1683 976 1766 respondeam,
988 1704 1052 1764 ego
1064 1703 1187 1765 ponam
1197 1679 1357 1762 quaestio·
1473 1762 1477 1767 ,

356 1796 443 1844 nem.
467 1779 642 1862 Numquid
658 1789 697 1851 tu
713 1805 836 1853 nomen
852 1806 966 1853 meum
981 1784 1038 1864 illi,
1053 1805 1156 1866 quem
1178 1790 1218 1851 tu
1242 1788 1283 1850 ut
1299 1781 1357 1850 be·

358 1897 435 1944 rum
451 1879 601 1950 Armand
611 1905 828 1965 cognoveras,
838 1894 917 1954 casu
930 1884 1077 1967 quodam
1088 1882 1358 1952 memoravisti?”

438 1995 676 2082 “Memoravi,”
692 2009 767 2083 post
779 2002 940 2071 momenti
953 2023 1083 2071 moram
1095 2000 1271 2083 respondi;
1288 1999 1357 2069 “ita

354 2097 463 2165 credo.
481 2099 626 2169 Narravi
642 2102 732 2170 enim
748 2103 793 2171 illi
817 2101 1103 2184 quemadmodum
1127 2101 1280 2170 forulum
1304 2122 1358 2168 oc·

354 2196 485 2265 cultum
512 2202 750 2282 quaesissemus
776 2239 816 2247 -—
842 2210 876 2272 et
902 2224 1025 2272 nomen
1051 2209 1153 2271 tuum
1174 2199 1299 2283 protuli
1315 2235 1357 2245 -

355 2296 426 2378 ipse
441 2322 523 2369 vero
539 2302 771 2372 sciscitabatur
786 2311 825 2372 tu
850 2303 926 2385 quis
949 2325 1048 2384 esses,
1074 2300 1299 2384 respondique
1321 2308 1356 2369 te

356 2398 441 2467 miro
456 2401 499 2469 ad
515 2403 675 2472 solvenda
690 2406 852 2486 mysteria
866 2404 989 2487 pollere
1005 2402 1173 2486 ingenio.”

440 2501 589 2586 Godfrey
604 2505 713 2587 capite
728 2506 859 2575 annuit

440 2602 550 2672 “Tum
566 2604 659 2687 h0c,”
675 2606 732 2687 ait,
749 2604 878 2675 “unum
894 2605 928 2674 id
944 2605 1035 2687 quod
1051 2626 1119 2672 non
1135 2601 1282 2672 intellexi
1299 2623 1358 2684 pa·

356 2703 422 2771 lam
437 2704 529 2772 facit.
547 2705 655 2787 Perge
670 2706 785 2788 igitur,
801 2727 949 2788 propone
966 2703 1200 2787 quaestiones”

440 2819 578 2891 “Paullo
593 2831 672 2892 ante
688 2823 861 2892 asserebas
876 2823 1037 2892 futurum
1063 2829 1103 2890 ut
1126 2827 1238 2889 totum
1263 2819 1357 2890 istud

355 2923 531 3002 negotium
546 2923 704 3004 perendie
719 2924 833 2992 scias.‘'
1439 2919 1442 2922 ’

440 3022 568 3092 “Sciam
584 3024 771 3106 equidem.”

439 3121 526 3204 “Qui
542 3123 602 3191 tibi
619 3132 750 3192 constat
766 3124 800 3193 id
815 3126 976 3193 futurum
985 3123 1022 3192 ?”

439 3222 558 3302 “Quod
575 3223 704 3292 litteras
719 3225 841 3307 accepi,
857 3224 981 3306 quibus
996 3224 1029 3292 id
1041 3223 1175 3292 termini
1187 3221 1357 3305 ponitur,”

356 3331 390 3390 et
406 3324 458 3392 bis
473 3324 570 3392 dictis
585 3324 778 3393 schedulam
795 3347 814 3393 e
829 3325 961 3393 sacculo
976 3324 1109 3406 promit,
1131 3344 1275 3404 eamque
1297 3322 1358 3390 mi-

356 3423 390 3490 hi
407 3424 557 3505 porrigit.
581 3423 724 3507 “Lege”

440 3542 640 3623 Epistolium
655 3543 818 3625 graphide
834 3550 907 3610 erat
922 3542 1084 3624 scriptum
1111 3562 1215 3610 manu
1239 3541 1359 3608 tenera

358 3643 498 3723 fereque
515 3643 679 3724 muliebri,
696 3644 728 3710 in
745 3643 863 3711 charta
887 3642 996 3724 plana,
1019 3663 1086 3709 non
1114 3641 1247 3710 lineata
1269 3641 1358 3710 Cum

357 3744 480 3810 sensim
496 3745 702 3813 increscente
714 3753 852 3826 stupore
867 3742 1057 3825 epistolium
1079 3764 1225 3824 sequens
1247 3740 1359 3811 insoli-

357 3844 525 3912 tissimum
541 3845 624 3926 legi:

447 4029 737 4098 “Humum'ssime
753 4031 804 4097 mi
820 4032 912 4097 Here
930 4028 1098 4109 Godsrepe

441 4164 697 4245 “singularibus
711 4164 751 4231 iis
766 4162 881 4230 officiis
897 4161 1021 4243 quibus
1035 4181 1148 4229 arcam
1165 4159 1357 4311 BouleXro

357 4248 560 4329 sequebaris,
576 4247 685 4316 abste
701 4247 781 4314 mihi
797 4247 906 4313 ferme
921 4245 1097 4340 adulatum
1117 4264 1189 4339 esse
1204 4265 1272 4394 fau
1297 4265 1357 4324 e0;

357 4354 500 4399 acumen
516 4353 598 4399 vero
614 4331 664 4399 tui
680 4330 815 4411 ingenii,
831 4351 899 4410 quo
914 4349 1030 4396 veram
1042 4348 1115 4395 etus
1126 4326 1204 4394 mdo
1217 4347 1271 4394 em
1306 4348 1358 4394 ro-

357 4437 398 4497 pe
414 4417 456 4483 ad
473 4415 633 4483 amussim
650 4413 814 4493 evolvisti,
840 4411 977 4480 maximi
1004 4418 1095 4479 certe
1121 4410 1219 4478 facio.
1246 4410 1275 4478 0
1313 4409 1355 4478 cii

356 4521 492 4582 quoque
508 4499 573 4568 mei
590 4520 662 4568 esse
678 4498 764 4566 duco
779 4495 925 4579 gratiam
941 4494 1000 4562 tibi
1017 4493 1145 4563 referre
1160 4493 1204 4562 ob
1218 4493 1358 4563 notitias
