3128 5016
279 750 322 822 56
541 764 750 819 uvsnuruuu
772 762 880 816 anem
901 755 1019 815 souin

279 933 513 1016 autumabam,
527 933 624 1017 proin
638 931 795 1002 celeriter
815 929 981 1000 descendi.
1005 929 1075 999 sslic
1090 929 1202 999 stabat
1218 930 1282 999 Ro

278 1057 358 1118 gers
372 1034 407 1103 in
422 1033 564 1116 ambitu,
581 1034 677 1102 velut
693 1032 752 1114 qui
768 1037 940 1114 spectrum
956 1029 1099 1099 viderat.
1115 1030 1191 1112 Ipse
1206 1052 1282 1112 gra·

280 1135 359 1205 vius
373 1134 533 1217 spirabat,
549 1142 584 1203 et
599 1154 721 1203 versus
735 1133 827 1200 hunc
841 1132 952 1200 locum
973 1130 1119 1213 digitum
1134 1132 1283 1215 porrige

279 1235 350 1316 bat,
364 1256 430 1317 ego
444 1233 640 1317 introspexi,
656 1232 794 1314 vidique
809 1231 932 1300 herum
943 1230 1090 1300 Vantine
1106 1231 1160 1300 bic
1175 1231 1283 1301 iacen-

280 1342 353 1404 tem
368 1335 431 1379 -’'

365 1434 440 1504 Vox
455 1433 529 1503 eius
543 1433 578 1502 in
593 1433 694 1502 fauce
709 1431 871 1514 haerebat,
898 1438 1012 1501 tamen
1038 1437 1115 1516 post
1139 1454 1283 1515 pausam

280 1533 395 1604 effecit
410 1540 450 1603 ut
465 1533 630 1616 paulatim
647 1531 806 1615 prosequi
821 1538 945 1615 posset.

367 1649 485 1720 “Tunc
501 1671 562 1732 per
576 1649 796 1732 telephonum
812 1648 974 1718 accersivi
995 1649 1116 1719 herum
1133 1650 1284 1733 lester,'’

283 1750 444 1832 subdidit,
459 1749 516 1819 “et
529 1749 603 1820 haec
618 1757 670 1819 est
686 1770 819 1818 summa
841 1749 992 1818 omnium
1008 1771 1087 1832 quae
1101 1750 1200 1820 scio.”

368 1849 479 1920 “Satis
493 1851 576 1931 est,”
592 1849 640 1918 ait
655 1849 780 1931 Grady.
803 1848 906 1918 “Haec
922 1870 983 1932 pro
1009 1851 1169 1932 praesenti
1192 1851 1285 1920 suffi-

284 1950 384 2020 cient.
407 1949 506 2019 Mitte
521 1950 652 2032 Rogers
664 1949 785 2018 intro.”

369 2067 496 2136 Vultus
510 2066 641 2149 Rogers
654 2066 814 2135 conclave
829 2064 988 2135 intrantis
1013 2065 1182 2150 stringore
1205 2090 1288 2151 quo

286 2166 365 2236 dam
379 2188 434 2235 me
448 2165 574 2248 affecit,
590 2165 681 2248 quod
707 2164 878 2234 hominem
894 2166 969 2234 iere
984 2165 1146 2235 efflictum
1169 2169 1289 2250 prode

286 2266 356 2336 bat.
366 2265 476 2335 Homo
490 2265 561 2348 ipse
577 2272 652 2334 erat
662 2286 831 2334 annorum
846 2264 979 2334 circiter
994 2265 1288 2351 quinquagenum,

286 2366 355 2436 iam
369 2372 534 2447 canester,
549 2366 650 2434 vultu
666 2386 753 2447 raso,
775 2364 976 2448 plerumque
998 2387 1018 2435 e
1044 2365 1133 2436 bona
1158 2369 1289 2439 valetu-

287 2465 366 2535 dine
382 2464 579 2535 rubicundo.
602 2465 649 2534 At
663 2487 755 2534 nunc
770 2464 876 2534 facies
899 2485 960 2534 sua
974 2475 1048 2536 erat
1062 2466 1175 2550 livida,
1190 2490 1289 2551 genae

287 2567 426 2635 sulcatae
440 2587 479 2634 ac
494 2565 673 2648 depressae,
691 2564 779 2634 oculi
794 2565 961 2647 sanguine
986 2566 1110 2636 suffusi
1132 2575 1168 2636 et
1193 2568 1291 2639 hasi-

289 2671 413 2734 tantes.
436 2665 530 2733 Intra
553 2665 713 2734 conclave
736 2663 848 2748 potius
874 2665 1076 2735 volvebatur
1099 2688 1204 2749 quam
1229 2669 1291 2738 ita-

288 2764 358 2847 bat,
373 2771 479 2847 atque
504 2785 574 2833 una
598 2785 714 2846 manu,
737 2763 805 2834 acsi
827 2763 987 2833 suffocari
1011 2765 1158 2848 timeret,
1172 2768 1290 2850 gulam

288 2863 474 2948 premebat.

373 2979 514 3049 “Praebe
543 2980 590 3049 illi
619 2980 735 3050 sellam
747 2980 776 3048 !”
805 2981 901 3051 iubet
927 2981 1052 3065 Grady,
1076 2989 1182 3066 atque
1207 2983 1293 3055 sim·

290 3079 411 3149 monds
426 3079 569 3163 protulit
594 3103 709 3162 unam,
733 3081 779 3150 iili
808 3082 997 3165 supposuit,
1026 3083 1166 3166 ipseque
1195 3085 1293 3154 iuxta

289 3202 365 3249 eam
379 3179 541 3250 constitit.
563 3179 617 3248 “N
620 3202 696 3262 unc,
712 3180 757 3249 mi
775 3181 906 3263 homo,”
922 3182 1034 3265 pergit
1063 3183 1188 3266 Grady,
1215 3184 1293 3254 “iac

291 3286 331 3349 ut
346 3287 381 3348 te
410 3301 602 3363 componas
625 3280 766 3349 Interim
782 3289 909 3364 tamen,
925 3282 1007 3365 quid
1021 3283 1070 3351 rei
1086 3283 1129 3352 sit
1158 3285 1294 3366 eloque-

291 3379 346 3448 re!
368 3379 612 3462 Numquamne
628 3388 729 3450 antea
746 3381 915 3450 hominem
941 3389 1115 3451 mortuum
1131 3382 1246 3452 vidisti
1255 3383 1293 3453 ?”

374 3495 434 3565 “ld
450 3518 668 3580 nequaquam
682 3498 820 3578 refert,”
836 3498 956 3567 halitat
973 3499 1112 3581 Rogers
1135 3498 1195 3569 “ld
1209 3500 1292 3570 nihil

290 3604 398 3667 est-
414 3617 622 3679 quamquam
639 3597 809 3667 hominem
825 3619 950 3668 caesum
964 3598 1107 3667 antehac
1122 3598 1192 3668 vidi
1208 3622 1295 3670 nun·

316 3696 428 3766 uam.”

291 3719 314 3780 q
376 3811 486 3895 “Quid
495 3811 533 3880 ?”
547 3813 670 3882 acriter
684 3813 808 3896 quaerit
821 3813 946 3897 Grady.
983 3813 1098 3884 “Num
1125 3815 1219 3887 illum
1235 3816 1294 3886 ali·

292 3934 352 3983 um
367 3911 431 3982 boc
446 3912 697 3995 postmeridiem
712 3935 781 3983 non
797 3914 910 3983 vidisti
920 3915 957 3983 ?'’

378 4029 448 4098 “Ea
462 4029 527 4098 alia
543 4051 597 4098 res
612 4031 695 4112 est,”
710 4030 817 4113 gemit
833 4030 972 4113 Rogers.
994 4031 1104 4101 “Eum
1118 4054 1186 4102 non
1202 4033 1294 4105 novi.
