3128 5016
277 769 320 839 54
549 782 758 837 uvsrunrvu
779 782 889 836 anem
911 775 1030 836 nouus

362 949 484 1021 “Nunc
499 951 648 1033 autem,’'
663 950 761 1020 fatur
776 950 994 1032 mormanus,
1010 948 1073 1018 “ad
1099 970 1171 1018 rem
1196 948 1280 1018 occi·

277 1051 435 1135 piendam
451 1051 560 1134 parati
576 1051 725 1120 sumus.”

360 1184 567 1266 “Necdum”
583 1191 688 1266 negat
716 1183 831 1253 minus
858 1184 1003 1254 civiliter
1030 1183 1154 1266 Grady.
1190 1183 1282 1252 “Pri-

283 1307 379 1355 rnum
394 1285 596 1354 relatoribus
609 1284 810 1353 facultatem
821 1285 988 1354 faciemus
1002 1284 1211 1366 recedendi,”
1233 1286 1284 1354 fa·

278 1393 336 1455 tur
362 1385 486 1468 Grady,
513 1385 775 1467 transpectando
800 1385 835 1453 in
862 1385 1025 1467 Godfrev,
1041 1406 1060 1454 e
1075 1385 1213 1467 regione
1230 1407 1281 1454 se·

278 1486 426 1567 dentem,
442 1485 540 1555 cuius
554 1485 674 1554 vultus
688 1485 887 1555 obnubilare
903 1486 1015 1568 coepit.

362 1620 437 1702 Ipse
453 1626 488 1688 et
504 1641 568 1701 ego
584 1618 707 1687 rubore
729 1619 971 1701 perfundebar,
997 1618 1200 1701 iamiamque
1224 1620 1281 1689 ob

279 1720 439 1801 testabar,
455 1719 513 1789 sed
530 1719 681 1801 Godfrey
696 1728 797 1802 gestu
814 1727 854 1789 ut
869 1720 1001 1789 silerem
1023 1741 1077 1787 me
1101 1721 1280 1802 permovit.

363 1852 492 1934 “Valet
507 1853 553 1921 mi
570 1853 719 1933 Lester‚’'
746 1853 859 1935 inquit
874 1853 1035 1936 Godirev,
1051 1851 1185 1922 “Herus
1199 1853 1282 1924 Gra·

279 1953 325 2037 dy
346 1953 419 2023 iure
435 1953 546 2022 utitur
561 1974 632 2022 suo.
650 1952 829 2022 Discedam
844 1989 884 1998 -
901 1974 1012 2036 usque
1027 1952 1110 2022 dum
1132 1953 1204 2036 ipse
1226 1976 1282 2024 me

280 2053 521 2123 invocaverit.''

280 2287 309 2358 G
351 2186 451 2356 d‘Uiu
476 2194 551 2255 tum
577 2186 818 2269 exspectabis,''
849 2186 920 2256 risu
947 2185 1126 2255 sarcastico
1156 2188 1283 2270 regerit

312 2309 350 2356 ra
375 2310 406 2370 y.

365 2419 462 2504 “Quo
477 2419 605 2489 diutius
628 2427 882 2502 exspectavero,
897 2419 960 2488 hoc
976 2419 1040 2488 erit
1055 2440 1116 2502 pro
1132 2427 1177 2501 te,
1192 2420 1283 2490 Here

280 2521 405 2604 Grady,
421 2521 601 2601 deterius,”
618 2523 733 2603 quiete
748 2520 856 2588 refert
879 2519 1039 2602 Godfrey,
1066 2527 1140 2589 tum
1164 2521 1283 2604 pandit

281 2622 416 2702 ostium,
432 2620 574 2702 excedit,
590 2620 784 2703 clauditque
800 2641 887 2703 pone
902 2642 948 2689 se.

365 2753 481 2836 Grady
494 2753 648 2823 coccineo
664 2753 787 2823 rubore
802 2759 945 2835 stupens
965 2761 1041 2836 post
1067 2776 1146 2823 eum
1173 2776 1284 2838 respe-

281 2855 396 2924 ctabat
414 2854 601 2937 paululum,
617 2855 694 2923 dein
711 2877 747 2923 se
761 2854 946 2936 composito
962 2853 1053 2923 haud
1079 2855 1169 2923 facili
1195 2855 1283 2935 nisu,

280 2978 316 3025 se
332 2956 479 3037 denique
494 2954 536 3023 ad
551 2956 776 3025 mortuarium
792 2958 971 3027 convertit.

365 3088 508 3158 “Omnia
523 3088 587 3158 rite
602 3091 789 3160 constituta
805 3099 897 3172 sunt,
927 3091 1017 3159 Here
1043 3088 1284 3170 Goldberger‚”

281 3190 387 3357 {llll
415 3189 564 3270 tandem,
591 3197 626 3258 et
652 3190 694 3258 ad
722 3213 916 3273 processum
942 3189 1192 3259 observandum
1208 3211 1285 3257 con-

366 3422 459 3504 Mihi,
481 3422 743 3507 doctoribusque
770 3424 913 3506 Hugbes
939 3431 973 3492 et
1001 3422 1283 3505 Freylinghuisen

284 3544 393 3605 pauca
409 3523 619 3592 suffecerunt
634 3525 767 3592 minuta
783 3525 825 3593 ad
841 3532 964 3593 cuncta
980 3545 1058 3606 quae
1073 3522 1115 3591 de
1127 3523 1189 3591 hac
1200 3522 1286 3604 prio·

283 3624 382 3705 rique
409 3624 577 3705 tragoedia
603 3625 764 3694 scivimus
793 3624 992 3694 evolvenda.
1029 3623 1143 3705 Grady
1159 3623 1225 3691 iam
1242 3622 1284 3691 ad

281 3724 415 3792 minuta
445 3730 562 3792 tenere
593 3725 774 3794 videbatur
807 3725 920 3794 omnia
957 3745 1036 3807 quae
1064 3724 1106 3791 ad
1138 3730 1284 3791 mortem

281 3823 452 3892 d'Aurelle
468 3824 678 3906 spectabant,
695 3847 785 3906 nam,
802 3825 865 3893 nisi
890 3824 980 3906 quod
1008 3822 1152 3892 subinde
1174 3822 1287 3904 capite

281 3923 413 4004 annuit,
429 3925 535 3992 relata
551 3925 683 4007 excepit
699 3926 783 4007 quin
800 3947 862 3994 nos
876 3924 1117 4006 interpellaret.

364 4056 518 4140 “Nonno,
546 4058 636 4128 Here
662 4058 863 4139 Simmonds,
888 4057 994 4127 habes
1019 4056 1197 4127 elenchum
1214 4077 1284 4124 orn·
