3128 5016
277 774 340 844 268
543 789 751 844 uxsrmruu
772 788 880 844 anca
901 781 1020 844 nourr

362 957 410 1028 Ut
430 958 495 1027 illic
518 958 601 1027 mihi
626 980 645 1027 e
668 958 805 1041 regione
828 956 942 1027 stabat
967 956 1094 1027 lumine
1108 957 1282 1039 perfusus,

279 1057 399 1127 licebat
415 1058 497 1126 mihi
513 1058 614 1127 modo
629 1058 821 1127 accuratius
835 1057 940 1126 oculis
955 1057 1162 1140 perlustrare
1178 1076 1282 1141 quam

279 1158 313 1226 id
340 1158 374 1226 in
400 1158 480 1227 navi
506 1158 638 1228 efficere
664 1165 852 1241 potueram,
879 1157 977 1241 proin
992 1156 1190 1240 diligentius
1203 1176 1283 1227 eum

279 1258 404 1340 aspexi.
427 1259 556 1328 Verum
570 1259 640 1341 ipse
655 1266 777 1342 typum
792 1257 913 1327 Franci
928 1256 1166 1327 exhibebat-
1180 1256 1283 1327 vultu

280 1359 424 1427 strictim
439 1380 525 1439 raso,
540 1359 739 1441 sulcatoque
753 1359 787 1428 in
814 1358 891 1428 alba
914 1357 985 1428 cuti
1010 1356 1237 1427 subtilissimis
1248 1355 1285 1426 li·

281 1459 479 1540 neamentis,
494 1459 582 1527 oculi
596 1466 713 1528 autem
729 1458 927 1527 densissimo
941 1465 977 1527 et
992 1456 1165 1527 uberrimo
1186 1462 1284 1526 erant

281 1559 458 1641 supercilio
481 1558 686 1640 obumbrati,
709 1558 817 1641 capilli
843 1565 961 1628 autem
987 1558 1062 1627 fere
1086 1557 1159 1627 cuti
1184 1564 1285 1627 tenus

281 1658 380 1739 tonsi,
394 1658 530 1727 candori
546 1660 664 1728 vultos
677 1658 832 1727 albedine
854 1679 960 1740 prope
981 1678 1081 1740 pares
1094 1663 1204 1727 erant
1226 1656 1285 1727 At-

282 1758 470 1827 tentionem
493 1766 607 1827 tamen
632 1780 743 1827 meam
768 1758 957 1840 praesertim
979 1757 1107 1840 species
1130 1756 1200 1826 oris
1223 1754 1285 1826 sibi

283 1858 524 1927 vindicavit-
539 1866 659 1940 utpote
671 1858 795 1928 subtile
806 1857 906 1927 simul
921 1865 957 1927 et
972 1857 1133 1940 lepidum,
1148 1855 1285 1927 tametsi

283 1959 396 2040 paullo
411 1958 548 2040 largius,
564 1958 727 2040 labiisque
743 1958 959 2040 plenioribus,
974 1956 1188 2027 tortitudinis
1200 1956 1282 2026 indi

283 2059 352 2139 ciis,
367 2081 428 2140 pro
444 2064 625 2127 venustate
640 2066 756 2128 tamen
772 2080 840 2126 non
866 2057 988 2126 nimiis.
1020 2056 1208 2140 Sexaginta
1227 2078 1286 2127 an·

286 2180 408 2227 norum
424 2158 536 2226 aetatis
550 2181 629 2228 eum
645 2180 717 2228 esse
732 2158 930 2239 coniectavi,
944 2165 980 2226 et
995 2157 1140 2241 speciem
1156 2157 1285 2241 praebe·

285 2259 344 2328 bat
378 2258 533 2340 hominis,
565 2259 623 2340 qui
649 2266 793 2328 centena
826 2265 989 2341 expertus
1014 2259 1059 2327 sit
1083 2256 1288 2339 discrimina,

285 2359 367 2441 quin
392 2359 496 2427 animi
521 2359 719 2441 aequitatem
748 2357 907 2429 exuisset.
944 2357 983 2427 ld
1010 2362 1104 2427 certe
1128 2357 1289 2427 facturus

286 2480 378 2527 nunc
394 2480 462 2526 non
478 2466 561 2527 crat.

370 2557 540 2627 “Historia
554 2579 575 2626 a
590 2580 645 2627 me
659 2580 738 2627 mox
761 2557 965 2639 recitanda,”
990 2557 1168 2627 exorditur
1186 2562 1291 2627 cauta

287 2658 503 2740 duplicitate,
519 2658 633 2727 verbis
648 2659 791 2728 subinde
817 2658 942 2740 carptis
956 2680 995 2727 ac
1011 2657 1152 2741 putatis,
1175 2656 1291 2727 “arcte

287 2781 374 2828 nexa
404 2766 456 2827 est
485 2781 563 2827 cum
593 2759 689 2827 furto
712 2758 1008 2828 celeberrimorum
1030 2756 1291 2828 Michaelovitch

287 2860 518 2928 adamantum.
542 2859 715 2927 Eventum
730 2860 821 2927 sorte
836 2859 1000 2928 memoria
1014 2858 1172 2928 tenetis”

371 2959 445 3040 Ego
471 2959 625 3040 profecto
648 2958 734 3027 bene
757 2958 906 3040 memini,
936 2980 1015 3027 nam
1045 2958 1183 3028 furtum
1207 2956 1291 3029 illud

288 3067 385 3128 tanto
400 3058 555 3128 acumine
571 3066 644 3127 erat
659 3067 861 3142 conceptum
876 3066 912 3128 ct
925 3059 1089 3129 effectum
1098 3065 1197 3129 tanta
1210 3058 1292 3129 dex·

290 3160 436 3239 toritatc,
463 3158 604 3227 audacia
627 3180 666 3227 ac
703 3159 903 3242 pernicitate
928 3159 963 3228 in
987 3158 1230 3241 singularibus
1250 3166 1293 3229 ut

288 3259 391 3328 animi
407 3259 631 3327 attentionem
647 3259 713 3327 mei
729 3280 868 3340 prorsus
882 3258 1069 3327 devinciret
1084 3293 1126 3303 -
1141 3264 1183 3329 ut
1197 3258 1294 3329 deea

290 3381 405 3429 rerum
430 3357 696 3439 circumstantia,
722 3359 813 3441 quod
842 3358 1018 3441 congeries
1045 3358 1294 3429 formosissima

289 3460 510 3528 adamantum
534 3457 649 3538 Magni
665 3457 769 3527 Ducis
791 3458 963 3528 Michaelis
986 3458 1187 3528 Russiarum
1209 3458 1295 3529 fuis·

290 3567 352 3640 sct,
382 3560 480 3641 plane
511 3565 641 3625 taceam
671 3592 711 3602 —
742 3558 811 3641 qui,
836 3559 927 3641 quod
951 3558 1042 3627 domi
1066 3558 1160 3628 haud
1175 3558 1293 3643 magni

290 3661 398 3739 fieret,
414 3666 448 3726 ct
463 3658 565 3726 ctiam
582 3657 674 3740 quod
701 3666 804 3740 caput
830 3659 981 3728 Franciae
1006 3658 1201 3729 hominibus
1220 3680 1295 3729 suae

292 3760 411 3828 indolis
426 3758 577 3840 apprime
592 3758 801 3839 conveniret,
817 3758 953 3827 Parisiis
968 3758 1114 3840 degebat
1128 3758 1237 3829 vitam
1252 3794 1295 3807 -

291 3882 369 3942 qua
384 3858 559 3938 congeries
568 3856 659 3925 haud
670 3858 809 3926 minoris
817 3880 919 3940 quam
929 3866 1090 3927 octonum
1105 3858 1294 3929 millionum

292 3959 526 4030 aestimabatur
542 3959 749 4026 francorum.

376 4059 543 4128 “Furtum
559 4059 677 4139 illud,’'
686 4057 956 4142 prosequebatur
967 4058 1071 4129 herus
1081 4057 1192 4143 Pigot,
1201 4057 1296 4130 “tan-
