3128 5016
535 806 631 860 rinno
654 806 759 859 eruor
781 807 920 860 oovun
944 806 1033 861 inus
1220 786 1283 856 257

365 973 437 1042 “Ex
461 996 538 1043 mea
563 982 659 1055 parte
676 975 788 1057 paullo
813 983 894 1043 ante
910 976 1021 1056 palam
1037 973 1102 1042 feci
1118 995 1172 1041 me
1188 993 1281 1054 opor·

280 1083 351 1143 tere
369 1083 408 1142 ut
425 1074 572 1156 primum
589 1082 665 1143 acta
680 1076 722 1143 ad
749 1075 943 1155 referrem‚”
966 1073 1151 1143 assentitur
1173 1072 1281 1152 Pigot.

363 1191 473 1259 “Tum
496 1192 694 1260 secedamus
719 1192 841 1272 aliquo,
872 1192 1095 1273 bibamusque
1121 1188 1278 1270 aliquid,”

279 1293 433 1373 suggerit
447 1291 571 1373 Grady.

363 1407 459 1489 “Ego
475 1409 588 1488 vero,”
605 1409 687 1477 mite
704 1408 884 1490 respondet
901 1409 1010 1490 Pigot,
1027 1406 1225 1489 “sperabam
1241 1404 1283 1472 si·

279 1532 322 1575 ne
338 1531 433 1575 mora
448 1530 511 1575 nos
527 1508 560 1575 in
577 1515 702 1576 terram
718 1510 947 1577 descensuros.
963 1509 1049 1577 Acta
1064 1507 1153 1576 enim
1170 1528 1231 1588 pro
1247 1511 1281 1572 te

280 1609 387 1676 babeo
403 1615 522 1689 parata
538 1662 546 1676 .
564 1662 570 1676 .
589 1609 617 1676 .''

372 1741 539 1821 “Placet'’
565 1742 689 1824 excipit
715 1742 840 1823 Grady,
874 1741 1011 1824 “postea
1035 1749 1150 1810 autem
1176 1763 1280 1823 quarn

279 1849 355 1909 acta
372 1864 573 1922 perspexero
590 1843 805 1910 Latamviam
822 1842 883 1909 tibi
899 1842 1086 1921 ostentabo,
1098 1849 1280 1922 tecumque

283 1942 432 2022 paciscar
457 1943 551 2009 nulla
578 1943 635 2009 tali
653 1964 688 2009 rc
705 1942 849 2010 bilareos
871 1942 1015 2010 Parisios
1026 1941 1161 2022 gloriari
1174 1963 1279 2023 posse.

279 2042 379 2109 Celox
396 2049 511 2108 nostra
527 2064 588 2108 nos
604 2043 828 2121 praestolatur,
838 2065 876 2109 ac
887 2043 1000 2109 statim
1018 2041 1128 2110 licebit
1140 2062 1202 2108 nos
1216 2041 1281 2107 dis·

279 2142 407 2209 cedere.
434 2142 553 2209 Tuane
578 2142 642 2208 ista
657 2142 761 2223 bulga
790 2142 866 2210 est?
900 2141 1020 2210 Itane?
1054 2141 1279 2222 Apprehende

280 2264 365 2321 eam,
381 2241 581 2321 Simmonds,
598 2242 720 2323 ferque
746 2243 891 2322 tecum,''
907 2249 941 2309 et
956 2242 1002 2309 sic
1019 2241 1131 2323 Grady
1147 2239 1278 2322 praeivit

278 2342 405 2423 gradus
420 2341 652 2409 descensurus.

363 2459 408 2526 At
439 2458 660 2527 mediastinus
689 2459 936 2527 attentissimus
966 2458 1157 2528 Simmonds
1186 2464 1280 2526 ante·

280 2559 392 2626 vertit.

363 2675 474 2744 Herus
491 2676 590 2756 Piget
606 2676 671 2744 leni
689 2677 757 2744 risu
774 2677 816 2744 ad
833 2699 894 2744 nos
909 2698 1102 2757 conversus

363 2808 436 2876 “nd
451 2809 635 2876 crastinum
652 2832 733 2889 ergo
750 2831 857 2891 usque
880 2810 978 2890 diem,
1004 2809 1133 2888 amici,'’
1155 2809 1275 2890 inquit.

279 2909 430 2989 “Hospes
445 2931 502 2976 ero
519 2909 699 2977 Diversorii
712 2911 824 2989 Astor‚
849 2910 1060 2990 libenterque
1076 2909 1121 2976 ibi
1137 2930 1199 2976 vos
1222 2931 1278 2976 ex·

278 3009 398 3089 cipiam
415 3044 454 3052 —
471 3009 631 3088 dicamus,
648 3009 731 3077 hora
747 3009 948 3078 undecima?
970 3010 1042 3077 Hac
1064 3030 1205 3090 vespera
1221 3030 1278 3076 vo

279 3109 329 3175 bis
345 3130 398 3176 me
414 3108 496 3176 nihil
512 3108 694 3176 edisserere
711 3131 806 3189 posse
823 3131 942 3177 revera
963 3131 1127 3191 perquam
1150 3108 1277 3177 doleo.''

362 3242 423 3309 His
448 3242 545 3310 dictis
567 3243 686 3310 aerario
712 3265 850 3311 manum
875 3244 1034 3325 porrexit,
1056 3265 1185 3324 nosque
1200 3242 1277 3311 sub·

278 3341 347 3410 lata
369 3364 473 3410 manu
496 3343 657 3422 salutans,
680 3365 715 3411 se
737 3344 864 3411 socium
887 3343 1000 3425 Grady
1022 3343 1187 3423 adiunxit,
1218 3342 1276 3424 qui

278 3441 360 3509 satis
389 3442 567 3522 impatiens
597 3443 659 3510 has
689 3443 903 3511 amoenitates
928 3443 1140 3512 observabat.
1178 3442 1277 3511 Deni-

278 3563 344 3622 que
367 3563 427 3622 per
448 3542 576 3623 gradus
606 3543 712 3611 oculis
741 3544 865 3612 nostris
887 3544 1028 3613 iunctim
1051 3565 1086 3612 se
1109 3542 1277 3612 subduxe-

278 3648 368 3709 runt.

361 3757 444 3838 “En,
460 3759 568 3838 amici,
585 3761 788 3842 exemplum,
812 3784 915 3843 quam
940 3762 1006 3830 sint
1021 3784 1131 3830 mores
1145 3768 1276 3830 contra-

279 3858 317 3925 rii
328 3858 356 3924 !”
372 3859 500 3926 affatur
515 3881 576 3926 nos
592 3860 741 3943 Godfrey
752 3862 840 3930 circa
855 3884 890 3929 se
905 3862 1091 3944 dispiciens.
1103 3860 1202 3930 “Non
1215 3884 1276 3929 vos

279 3958 383 4040 pudet
399 3959 607 4028 Americae?”

362 4076 546 4145 Adstantes
562 4077 720 4159 riserunt,
736 4079 839 4162 probe
855 4079 944 4147 enim
967 4080 1129 4149 tenebant
1144 4080 1217 4150 haec
1231 4080 1275 4148 ad
