3128 5016
284 718 326 790 80
543 737 752 793 ursmnrvu
774 738 882 793 anca
903 734 1022 794 noum

369 902 472 988 “Iam,
495 906 543 975 mi
568 906 658 976 Here
683 907 812 989 Lester,
832 930 911 991 quae
933 909 1015 978 scivi
1038 910 1152 980 fassus
1174 910 1283 991 sum,”

284 1005 457 1087 respondit
473 1006 612 1089 Rogers
627 1007 686 1076 sed
702 1007 827 1077 obtutu
850 1009 966 1078 oculos
988 1030 1082 1078 meos
1105 1009 1282 1079 devitavit.

282 1103 352 1178 “Et
361 1127 524 1189 perquam
540 1128 595 1176 me
610 1107 698 1177 male
714 1107 832 1177 habeo.
848 1107 963 1179 Satius
986 1109 1142 1180 existimo
1166 1131 1221 1179 me
1246 1110 1281 1179 in

282 1205 408 1276 lectum
422 1207 608 1277 conferre.”

367 1321 426 1392 “Id
442 1345 522 1392 sane
538 1324 744 1407 praestabit,”
771 1325 887 1395 statim
909 1326 1095 1396 assentitur
1120 1325 1281 1408 Godfrey.

284 1421 413 1492 “Parks
428 1424 488 1494 tibi
504 1424 612 1494 aderit
622 1426 653 1507 ;''
664 1433 700 1495 et
716 1447 857 1495 manum
872 1425 915 1495 ad
931 1426 1158 1510 recipiendam
1173 1426 1283 1509 effigi·

284 1544 340 1592 em
354 1525 536 1607 protendit.

367 1642 497 1725 Rogers
512 1664 587 1712 eam
603 1644 685 1712 satis
700 1644 831 1713 invitus
856 1643 1012 1713 reddidit.
1035 1643 1176 1713 Interim
1192 1642 1282 1712 labia

283 1742 427 1826 aperuit,
442 1743 509 1812 acsi
525 1743 606 1826 quid
631 1744 741 1813 dicere
754 1744 913 1825 haberet;
928 1744 987 1813 sed
1001 1744 1126 1814 iterum
1151 1743 1282 1825 clausit,

282 1864 322 1912 ac
337 1842 545 1927 pedetentim
560 1866 596 1912 se
612 1844 719 1913 Parks
733 1844 921 1928 opitulante
936 1844 1054 1914 erexit

367 1959 515 2042 “Valete,
531 1960 597 2029 mei
616 1961 707 2042 Heri,
719 1962 938 2044 faustamque
961 1961 1058 2030 vobis
1081 1983 1199 2045 precor
1218 1983 1277 2031 no

282 2061 403 2174 ctem,'s
423 2061 519 2130 fatur
537 2069 724 2143 mansuete,
745 2083 849 2144 seque
874 2083 977 2144 opera
1001 2062 1108 2131 Parks
1128 2084 1147 2131 e
1167 2062 1279 2131 medio

271 2162 475 2409 ‘sustjtlgkoe
488 2261 517 2329 !''
532 2261 606 2330 dico
622 2261 784 2344 Godirey,
799 2261 902 2344 “quid
918 2261 979 2331 tibi
994 2262 1057 2331 hac
1072 2261 1114 2331 de
1130 2284 1166 2331 re
1189 2261 1282 2331 vide·

283 2369 343 2432 tur
354 2417 516 2545 '“Utique
531 2461 706 2531 mentitur.
729 2462 866 2532 Iuvabit
881 2484 943 2532 nos
957 2462 1144 2545 comperire
1171 2485 1280 2546 quare

282 2563 478 2642 mentiatur,
490 2563 674 2645 facereque
685 2570 726 2632 ut
741 2562 923 2645 resipiscat
936 2563 1107 2633 Caeterum
1122 2584 1198 2632 sera
1213 2564 1280 2632 iam

282 2671 334 2732 est
348 2684 416 2731 nox
428 2698 469 2706 -
484 2661 617 2731 officina
631 2685 686 2732 me
702 2663 928 2745 praestolatur.
939 2663 1065 2744 Unum,
1080 2662 1224 2732 verbum
1233 2662 1281 2732 mi

281 2763 400 2833 Lester
414 2798 455 2807 -
469 2784 553 2832 cave
568 2763 698 2845 Rogers
712 2763 868 2832 evadat.”

364 2879 520 2950 “Faciam
535 2887 576 2949 ut
590 2879 654 2948 sub
669 2880 774 2949 oculis
790 2880 864 2960 sit,'’
880 2879 925 2948 illi
943 2879 1090 2962 promisi.
1107 2878 1202 2962 “Ego
1217 2902 1274 2949 vc·

280 3003 318 3050 ro
333 2981 424 3051 haud
441 2989 526 3063 puto
539 3002 618 3048 eum
634 2980 789 3062 effugere
804 2979 941 3049 audere.
969 2980 1058 3063 Quin
1073 2988 1109 3048 et
1120 2979 1192 3048 ficri
1208 2987 1281 3062 pot-

279 3089 332 3151 est
357 3103 436 3151 cum
462 3102 584 3148 verum
608 3080 739 3149 dixisse.
772 3081 844 3149 Noc
869 3081 1023 3163 proiecto
1050 3079 1150 3149 credo
1175 3080 1280 3148 ullam

279 3180 659 3350 fflffigem’flmdquam
675 3202 855 3249 commune
879 3202 958 3250 cum
982 3180 1144 3250 utralibet
1170 3188 1280 3249 morte

363 3396 524 3478 Godfrey,
541 3404 581 3466 ut
596 3397 662 3465 iam
678 3405 752 3466 erat
767 3397 987 3478 discessurus,
1012 3419 1046 3465 se
1073 3396 1187 3477 vertit,
1211 3417 1280 3465 me·

279 3520 347 3582 que
362 3498 526 3566 intuetur.

363 3597 467 3680 “Quis
480 3618 563 3679 ergo
578 3597 611 3665 id
627 3598 777 3679 patravit
786 3598 822 3666 ?’'
839 3598 971 3680 quaerit.

363 3697 526 3765 “Nemo’'

362 3813 472 3896 “Quid
487 3815 503 3882 ‘t
518 3835 645 3894 ergone
660 3823 761 3896 putas
776 3823 963 3896 utrumque
979 3814 1039 3882 sibi
1065 3822 1136 3881 tam
1152 3812 1279 3881 absono

279 3913 379 3985 modo
394 3921 539 3981 mortem
555 3913 737 3983 adscivisse
751 3915 787 3984 ?'’

362 4013 461 4086 “Non
490 4021 591 4097 puto,
619 4036 686 4085 non
711 4023 810 4086 erant
837 4014 976 4086 suicidiu
993 4050 1032 4059 -
1047 4013 1125 4086 caesi
1141 4021 1222 4086 sunt
1238 4049 1278 4061 ·-
