3150 5468
367 1247 534 1304 courum
549 1234 720 1302 raaumu
736 1246 917 1300 romrcnu
931 1245 1038 1300 rurus
1142 1229 1206 1298 227

207 1425 358 1499 quantus
372 1416 474 1486 ludus
489 1416 533 1486 sit
548 1415 746 1486 societatem
761 1415 948 1484 humanam
971 1413 1099 1494 ludere,
1114 1420 1149 1482 et
1166 1413 1210 1482 le·

207 1539 268 1599 ges
282 1517 423 1600 pedibus
447 1518 585 1598 calcare,
602 1517 683 1586 item
705 1524 920 1599 perspectum
947 1515 1072 1584 habere
1096 1513 1210 1582 omnia

207 1617 267 1686 tibi
291 1618 377 1687 male
399 1617 551 1698 ominari,
577 1625 612 1686 et
640 1624 755 1685 tamen
784 1616 891 1685 victor
921 1615 1088 1685 evadere?
1117 1614 1208 1682 Tum

206 1717 320 1797 etiam,
335 1725 375 1786 ut
391 1726 485 1800 puto,
511 1718 680 1786 maximus
707 1716 852 1799 quisque
880 1715 1078 1785 malefactor
1103 1714 1208 1783 etiarn

206 1817 419 1900 aliquantum
436 1818 592 1887 insanit.'’

289 1916 376 1986 “Vix
391 1918 543 1998 dubito,”
559 1917 734 1986 assentior.

291 2017 455 2087 “Perinde
470 2026 509 2088 ut
525 2018 669 2101 quisque
686 2016 905 2101 probissimus
919 2016 1088 2085 modicum
1104 2015 1207 2084 etiam

205 2118 360 2199 insanit,’'
375 2118 487 2201 pergit
502 2119 569 2187 cito
585 2119 746 2200 Godfrey.
770 2118 904 2200 “AEque
918 2116 1062 2200 quisque
1078 2117 1209 2185 novita-

206 2220 250 2286 tis
279 2228 521 2301 propugnator,
551 2219 813 2300 notionibusque
840 2219 938 2287 novis
967 2217 1207 2296 infiammatus

205 2319 393 2400 paullulum
408 2320 542 2388 insanit.
565 2320 643 2389 Sani
660 2328 741 2389 sunt
757 2320 909 2388 homines
924 2318 1069 2387 mediani
1084 2339 1123 2386 ac
1139 2339 1207 2385 me·

204 2417 342 2500 diocreS,
359 2420 416 2501 qui
429 2420 511 2488 satis
527 2420 621 2502 probi
634 2429 724 2500 sunt,
740 2429 775 2489 et
791 2428 905 2488 tamen
917 2427 1107 2501 opportune
1118 2417 1208 2485 clan-

204 2518 319 2586 culum
335 2521 560 2600 mentiuntur,
577 2520 704 2603 quique
720 2520 863 2589 subinde
879 2542 899 2588 a
915 2528 1008 2588 recto
1033 2518 1204 2586 virtutum

205 2619 341 2687 tramite
357 2620 470 2688 seduci
487 2621 614 2701 sinunt,
630 2621 687 2703 qui
700 2620 909 2703 temporibus
924 2629 958 2688 et
975 2619 1054 2688 locis
1069 2619 1205 2696 cedunt,

205 2727 309 2800 atque
326 2719 432 2787 vitam
458 2720 669 2788 commodam
686 2741 724 2790 ac
741 2720 958 2802 tranquillam
983 2719 1108 2788 ducere
1135 2727 1208 2786 ten-

205 2826 290 2886 tant.
308 2819 483 2901 repetere,
500 2821 545 2888 mi
563 2821 690 2901 Lester‚
706 2843 772 2888 non
786 2820 905 2888 dubito
917 2820 1008 2888 hunc
1018 2819 1205 2886 homullum

203 2918 368 3000 grandem
385 2941 457 2988 esse
473 2921 738 3000 malefactorem,
760 2921 816 3002 qui
845 2921 915 2988 vita
942 2921 1080 2988 fruatur
1107 2920 1206 2999 longe

204 3018 350 3087 uberiori
376 3041 480 3101 quarn
506 3021 578 3088 sive
594 3043 658 3102 ego
674 3021 745 3089 sive
761 3029 809 3089 tu.
827 3021 922 3088 Aveo
944 3041 1110 3101 speroque
1126 3041 1204 3086 eum

204 3119 374 3200 quondam
389 3120 570 3188 convenire
587 3142 683 3203 posse
703 3156 734 3165 —
755 3142 822 3189 non
839 3120 1062 3188 velificatione
1078 3119 1206 3201 pusilla,

205 3227 244 3287 ut
260 3218 386 3299 isthac,
403 3221 461 3288 sed
478 3221 511 3288 in
528 3242 655 3302 pugna,
681 3221 877 3289 comminus
911 3221 984 3302 Ego
1011 3221 1129 3302 utique
1151 3219 1207 3288 de·

205 3319 359 3388 vincerer
384 3343 404 3389 a
431 3322 546 3388 fronte
572 3331 607 3388 et
634 3321 677 3388 ab
702 3321 774 3400 alis,
797 3321 948 3403 undique
967 3357 1003 3364 -
1020 3329 1133 3389 tamen
1150 3343 1204 3388 me

203 3419 387 3488 oblectaret
398 3420 426 3487 !'‘
449 3420 523 3489 finit
539 3421 643 3490 oculis
657 3420 691 3488 in
708 3442 762 3489 me
777 3421 1037 3501 refulgentibus.

287 3520 425 3588 “Omnis
439 3521 603 3589 assentior
614 3520 643 3588 1⁹⁹
673 3521 823 3604 inquam,
839 3521 917 3590 “sed
933 3543 1007 3602 age,
1023 3542 1204 3603 proseque-

204 3641 240 3687 re
256 3627 317 3688 tua
333 3621 493 3689 somnia.”

287 3720 359 3788 “En
375 3721 508 3789 habeto.
530 3722 597 3790 lste
620 3722 723 3791 herus
746 3723 898 3791 Annand
924 3723 1125 3791 malefactor
1152 3731 1204 3790 est

203 3819 353 3901 insignis,
369 3821 465 3903 proin
488 3821 591 3891 habet
615 3823 767 3902 asseclas,
783 3823 916 3904 quibus,
943 3822 1108 3905 siquidem
1135 3844 1204 3891 uno

202 3928 354 4002 tempore
386 3921 445 3989 uni
476 3930 611 3990 tantum
641 3923 713 3990 loco
743 3922 905 3991 interesse
931 3922 1046 4005 possit,
1063 3923 1096 3991 in
1112 3944 1206 3991 exse·

202 4020 346 4102 quendis
361 4021 564 4103 quibusdam
582 4022 727 4103 negotiis
749 4023 1010 4104 particularibus
1035 4045 1114 4091 eum
1141 4024 1203 4091 niti

202 4142 339 4190 necesse
355 4130 416 4190 est.
439 4122 491 4189 Ad
509 4122 581 4190 baec
598 4123 661 4190 rite
676 4123 942 4191 administranda
957 4145 1015 4192 eos
1030 4123 1129 4192 nutui
1142 4145 1204 4191 suo

201 4220 436 4303 obtemperare
463 4231 608 4303 oportet.
647 4223 742 4291 Hanc
767 4234 882 4291 autem
904 4223 1131 4292 obedientiam
1148 4224 1205 4291 ab·

202 4321 324 4389 icctam
341 4331 375 4390 et
391 4344 529 4402 coecam,
546 4323 596 4390 uti
612 4323 702 4404 apud
720 4323 956 4392 malefactores
971 4326 1045 4393 fere
1070 4325 1203 4403 assolet,

202 4443 271 4491 uno
286 4422 420 4491 nonnisi
435 4422 536 4490 modo
551 4422 719 4491 inculcare
735 4433 847 4506 potest
865 4460 903 4467 -
921 4425 1051 4493 timore.
1082 4424 1205 4493 Obedi·

201 4523 328 4594 entiam
344 4523 580 4596 recusantibus
595 4545 664 4593 una
690 4545 792 4613 poena
817 4532 952 4599 tantum
977 4533 1085 4595 est-
1102 4546 1203 4595 mors.
