3128 5016
551 807 1022 863 usnoercoronvnnmus
1221 791 1285 862 249

363 973 508 1056 “Quidni
524 976 664 1046 velim!’'
680 976 865 1060 respondeo
889 977 945 1047 illi.
983 976 1069 1047 “Ubi
1086 976 1139 1046 vis
1152 983 1189 1046 te
1204 998 1285 1046 con·

287 1076 421 1145 veniam
431 1076 468 1145 ?'’

367 1192 480 1263 “Hora
495 1194 615 1276 quinta
630 1195 664 1262 in
680 1195 774 1264 exitu
791 1195 864 1264 Viae
880 1193 1092 1264 Libertatis”

367 1310 532 1394 “Ader0‚”
547 1312 593 1381 illi
607 1312 752 1395 promisi.
775 1313 820 1381 Et
843 1313 950 1382 adfui.

365 1427 470 1497 Simul
486 1436 589 1510 atque
605 1430 750 1498 celocem
776 1430 916 1512 ingressi
933 1451 1061 1511 sumus,
1086 1429 1198 1498 soluta
1219 1435 1282 1514 est,

282 1528 387 1610 puppi
403 1529 437 1596 in
454 1529 592 1597 flumine
608 1536 800 1611 retroacta,
826 1529 917 1599 edito
932 1536 1033 1599 acuto
1048 1529 1153 1610 sibilo,
1169 1550 1283 1610 prora·

282 1649 349 1708 que
364 1650 520 1711 prorsum
536 1651 645 1709 versa,
660 1629 725 1697 iter
740 1629 888 1698 secundo
904 1630 1043 1698 flumine
1054 1629 1206 1711 ingressa
1221 1636 1283 1697 est.

281 1730 383 1798 Celox
398 1728 572 1811 navigium
588 1738 662 1798 erat
677 1731 873 1810 expeditum
888 1766 929 1774 -
944 1731 1088 1809 Recorcl
1108 1729 1199 1811 quod
1218 1729 1283 1797 alia

285 1830 406 1898 diuma
442 1829 643 1911 plerumque
679 1851 839 1911 superare
870 1830 1034 1899 hactenus
1064 1829 1283 1912 gloriabatur,

285 1930 374 1997 idem
390 1936 425 1997 et
440 1950 532 1997 nunc
548 1929 781 2011 praestiturum
797 1938 871 1999 erat
886 1963 926 1975 —
942 1938 977 1998 et
988 1951 1095 2011 quum
1110 1951 1146 1998 se
1161 1930 1195 1997 in
1210 1951 1285 1998 cur·

287 2051 362 2097 sum
381 2029 577 2109 elaboravit,
592 2029 825 2111 machinaque
840 2030 913 2098 eius
932 2029 975 2098 ad
991 2051 1152 2099 numeros
1167 2029 1284 2097 halita-

283 2130 375 2210 bnnt,
401 2129 482 2211 ripae
507 2129 680 2211 utrimque
695 2131 848 2199 celeriter
875 2138 1062 2199 retrorsum
1091 2129 1157 2199 labi
1188 2151 1283 2211 pare-

281 2231 374 2298 bant.

362 2346 564 2415 Definientia
580 2346 784 2415 lineamenta
799 2347 892 2416 urbis
907 2348 981 2416 Neo
1004 2347 1219 2426 Eboracenae‚
1241 2354 1281 2416 ut

279 2469 298 2517 e
314 2447 452 2516 flumine
468 2447 637 2529 visuntur,
654 2447 772 2516 mundi
788 2447 1029 2517 miraculorum
1045 2468 1154 2516 unum
1184 2445 1283 2515 effici·

279 2555 353 2628 unt,
369 2569 448 2629 quae
464 2568 527 2628 ego
549 2553 643 2615 stans
666 2547 930 2630 contemplabar,
955 2547 1060 2616 donec
1085 2547 1119 2614 in
1144 2554 1282 2629 portum

279 2648 473 2716 inferiorem
488 2647 553 2716 iter
568 2646 785 2716 flexissemus.
808 2647 886 2716 Duo
901 2647 955 2716 alii
971 2654 1069 2716 erant
1085 2646 1118 2714 in
1132 2654 1230 2728 stega
1241 2682 1281 2690 -

280 2749 440 2816 relatores
468 2747 607 2816 navales
635 2747 804 2830 ordinarii,
834 2745 878 2817 ut'
904 2755 1052 2831 puto-
1077 2747 1281 2830 quibuscum

280 2848 430 2929 Godtrey
453 2847 495 2916 ad
519 2847 774 2916 deliberandum
807 2847 848 2916 de
872 2847 1070 2917 muneribus
1092 2847 1203 2930 operis
1225 2868 1282 2916 ve

279 2948 417 3030 spertini
434 2948 468 3015 in
484 2948 620 3016 diaetam
636 2947 866 3028 descenderat;
882 2948 997 3030 itaque
1008 2970 1072 3029 ego
1086 2947 1129 3016 ad
1145 2968 1280 3029 proram

279 3049 440 3117 haustum
457 3055 624 3129 quantum
642 3055 795 3130 poteram
817 3069 911 3116 aurae
934 3049 1040 3129 salsae,
1065 3047 1162 3116 cuius
1187 3069 1280 3130 sapo

280 3170 351 3217 rem
367 3150 433 3216 inm
450 3148 484 3215 in
501 3148 602 3216 labris
618 3148 702 3216 meis
717 3170 944 3230 perceperam,
970 3170 1170 3230 progressus
1193 3169 1280 3216 sum.

279 3249 399 3316 Statua
415 3248 597 3316 Libertatis
612 3249 725 3330 paullo
751 3255 832 3316 ante
847 3270 909 3316 nos
923 3256 1007 3330 crat,
1022 3248 1210 3330 ingensque
1231 3248 1281 3316 fa·

279 3349 325 3416 cis
340 3370 412 3417 suae
426 3349 542 3416 lumen
559 3348 820 3430 speculatorium
837 3370 943 3430 aquas
958 3348 1177 3431 persultabat.
1214 3348 1281 3416 Na·

279 3449 370 3530 vigia
385 3449 563 3517 innumera
579 3449 645 3517 huc
661 3455 696 3517 et
711 3448 789 3517 illuc
804 3448 1014 3530 circitabant,
1039 3447 1225 3516 luminibus
1245 3447 1280 3515 in

278 3549 376 3630 aquis
390 3548 624 3630 trementibus,
648 3549 748 3630 longe
772 3555 889 3617 autem
914 3570 1081 3631 prorsum,
1106 3547 1280 3630 aliquanto

279 3649 321 3716 ad
337 3650 472 3729 laevum,
502 3648 545 3716 ab
575 3670 659 3717 aura
688 3648 945 3717 reverberatum
972 3649 1087 3718 lumen
1112 3646 1280 3729 videbam

279 3749 370 3830 quod
385 3749 489 3817 situm
507 3747 631 3816 lnsulae
647 3747 761 3830 Coney
776 3748 955 3818 indicabat.

363 3867 442 3934 lllox
457 3872 492 3934 et
509 3864 659 3946 Godfrey
675 3865 826 3947 accessit,
842 3887 979 3947 unaque
993 3872 1123 3934 stantes
1148 3863 1280 3934 silentio

279 3966 509 4048 spectaculum
526 3964 756 4034 intuebamur.

363 4082 505 4152 “Nonne
521 4081 593 4152 haec
608 4089 708 4165 grata
723 4089 805 4152 sunt
821 4082 909 4153 visui
915 4083 951 4154 ?”
965 4082 1069 4166 coepit
1079 4081 1218 4153 tandem
1228 4081 1280 4152 fa·
