3150 5468
513 1247 664 1302 emnem
685 1248 845 1301 vaurms
867 1247 1081 1303 alsurnron
1232 1232 1296 1303 163

299 1417 503 1486 Parisiorum
529 1416 669 1499 abrepta
695 1417 781 1496 fuit;
813 1439 875 1485 nec
902 1424 1046 1498 praetera
1070 1415 1297 1485 dubitandum

299 1518 418 1587 luliam
435 1517 515 1586 vitae
530 1539 608 1585 cum
626 1517 754 1598 Rogers
779 1517 948 1598 nuptialis,
964 1516 1073 1598 poesis
1088 1538 1226 1598 prorsus
1241 1538 1298 1585 va·

297 1639 382 1698 cuae,
397 1617 578 1686 admodum
595 1625 775 1699 partaesam
791 1617 914 1696 fuisse;
937 1625 971 1685 et
987 1616 1030 1684 ob
1046 1616 1079 1684 id
1104 1616 1136 1684 in
1165 1615 1298 1684 Franci-

298 1739 353 1785 am
379 1717 566 1799 aufugisse.
598 1717 726 1799 Rogers
741 1717 888 1799 primum
904 1717 966 1785 sibi
982 1738 1057 1785 eam
1081 1715 1176 1797 sequi
1202 1737 1299 1798 opor·

299 1826 370 1886 tere
387 1817 571 1899 persuasit;
593 1824 630 1886 at
656 1840 733 1885 mox
759 1839 780 1886 a
803 1824 914 1900 coepto
937 1839 1011 1885 eam
1028 1816 1163 1885 Parisiis
1178 1816 1301 1898 reperi-

299 1918 388 1998 endi,
404 1939 465 1986 nec
481 1924 595 1985 certus
610 1917 691 1999 quid
708 1925 742 1986 et
757 1917 784 1985 si
802 1917 963 1999 reperiret
989 1939 1063 1986 eam
1080 1917 1237 1987 facturus
1252 1939 1302 1987 es

299 2026 360 2098 set,
376 2017 516 2098 destitit,
532 2018 605 2086 fato
621 2040 683 2086 suo
698 2040 772 2086 eam
795 2017 940 2099 reliquit,
963 2025 1173 2099 moestusque
1195 2040 1231 2086 se
1253 2018 1301 2086 vi-

299 2126 344 2186 tae
359 2117 476 2186 officiis
490 2118 652 2187 memoria
677 2117 751 2186 eius
775 2120 921 2199 servata,
948 2140 983 2186 se
1009 2117 1162 2186 accimrit.
1185 2117 1301 2188 Genus

298 2217 487 2287 affectionis
501 2239 583 2299 erga
599 2240 673 2286 eam
689 2219 774 2287 clam
790 2217 824 2286 in
840 2218 952 2286 animo
974 2239 1082 2299 usque
1105 2217 1301 2300 superstita·

297 2319 365 2398 bat,
381 2326 416 2387 et
431 2340 539 2400 quum
554 2318 679 2386 ostium
695 2318 820 2387 aedium
838 2318 983 2387 Vantine
1007 2317 1158 2400 pandens
1172 2340 1247 2387 eam
1263 2318 1298 2388 in

297 2419 410 2488 limine
436 2418 672 2500 conspexisset,
699 2440 734 2487 se
761 2426 936 2500 tamquam
962 2439 1074 2486 ceram
1091 2418 1124 2486 in
1141 2418 1299 2488 manibus

297 2519 372 2588 eius
386 2517 542 2600 praebuit.

382 2652 466 2721 lulia
481 2660 604 2721 cuncta
620 2652 703 2732 haec,
720 2675 840 2734 pamm
867 2653 961 2735 pensi
985 2652 1110 2732 habita,
1126 2654 1180 2722 vel
1195 2653 1298 2722 etiam

299 2752 517 2834 contemptim
534 2753 757 2832 auscultabat,
774 2752 854 2821 nihil
867 2753 1052 2834 quidquam
1069 2753 1234 2834 negando,
1250 2754 1298 2822 ni·

299 2854 345 2922 hil
361 2877 396 2921 se
413 2853 613 2921 excusando.
636 2853 813 2934 Cogitatio,
829 2853 924 2934 quasi
942 2875 976 2920 se
992 2853 1144 2920 excusari
1167 2876 1300 2923 necesse

296 2963 394 3034 esset,
412 2976 453 3021 ne
471 2953 504 3020 in
522 2961 668 3021 mentem
685 2954 821 3034 quidem
832 2954 935 3022 venit.
949 2952 1095 3020 Historia
1113 2952 1217 3033 linita,
1229 2954 1300 3037 ipsa

300 3075 438 3135 prorsus
453 3053 576 3121 iterum
593 3075 628 3121 se
644 3054 800 3134 possedit,
824 3054 906 3135 quin
923 3061 957 3121 et
973 3053 1085 3133 paullo
1109 3053 1226 3122 elatior
1252 3055 1302 3123 fa-

298 3162 352 3221 cta
368 3161 429 3233 est,
445 3153 478 3220 ni
496 3154 603 3233 fallor,
620 3175 726 3234 quum
742 3163 864 3222 cuncta
886 3153 1012 3221 circum
1029 3174 1064 3219 se
1080 3154 1207 3221 versari
1223 3155 1302 3224 sire-

299 3276 376 3322 nem
393 3254 524 3322 videret
540 3260 574 3321 et
590 3253 732 3321 audiret.
766 3254 848 3321 Erat
872 3254 934 3320 hoc
959 3259 1070 3321 totum
1086 3253 1192 3322 veluti
1208 3254 1301 3324 iuve-

298 3375 443 3434 nescere,
460 3353 598 3434 proinde
613 3361 712 3434 grato
728 3352 975 3434 quodammodo
986 3350 1028 3420 ad
1042 3351 1169 3433 Rogers
1180 3376 1215 3423 se
1227 3377 1301 3424 ver-

299 3454 340 3522 tit
355 3453 477 3521 animo.

381 3569 483 3638 “Haec
498 3570 620 3650 omnia,
636 3579 675 3639 ut
691 3571 817 3652 opinor,
835 3594 915 3640 vera
931 3582 1011 3643 sunt
1021 3574 1057 3642 ?”
1073 3582 1228 3642 matrona
1244 3596 1300 3642 ve·

299 3671 367 3739 lata
382 3670 514 3752 quaerit.

379 3786 498 3867 “Vera,
514 3788 676 3869 profecto,
692 3790 814 3869 omnia,
830 3812 905 3858 mea
918 3790 1038 3872 llera,”
1055 3791 1226 3873 respondit
1244 3791 1298 3861 lu·

299 3887 341 3955 lia
368 3887 499 3955 humeri
527 3889 637 3955 vulsu.
655 3887 772 3957 “Tunc
799 3890 850 3958 fui
879 3890 1019 3972 iuvenis,
1041 3913 1202 3973 amorque
1217 3893 1299 3963 vitae

296 3987 458 4054 citatioris
484 4009 537 4055 me
554 3988 714 4070 rapiebat.
739 3990 809 4057 lam
835 4013 909 4058 sum
934 3991 1090 4071 adultior,
1114 3993 1204 4060 facta
1221 4016 1298 4075 pru-

295 4088 428 4156 dentior
446 4122 484 4132 -
501 4096 664 4169 praeterea
682 4089 747 4157 iam
764 4113 842 4170 non,
859 4099 899 4159 ut
915 4099 1025 4172 antea,
1042 4094 1213 4174 appetor.'’

382 4204 578 4285 “Proinde’'
595 4205 705 4287 inquit
721 4206 803 4275 hera
818 4230 896 4276 cum
914 4209 1028 4289 ironia,
1042 4208 1153 4278 “nunc
1165 4211 1230 4279 iam
1243 4233 1298 4294 pu·

299 4313 372 4373 rata
388 4327 425 4373 es
439 4306 481 4373 ad
498 4305 657 4374 maritum
675 4315 774 4376 tuum
792 4309 948 4377 reverti.”

383 4421 453 4490 “Ea
468 4423 509 4491 de
526 4445 561 4491 re
579 4423 643 4491 iam
660 4424 817 4505 cogitavi,
844 4448 918 4494 mea
945 4427 1066 4509 Hera,”
1092 4430 1198 4497 refert
1215 4429 1298 4498 lulia

298 4523 466 4605 stupenda
481 4523 702 4606 simplicitate,
715 4524 812 4594 “inde
828 4549 870 4594 ex
885 4548 953 4608 quo
969 4550 1047 4597 eum
1064 4529 1116 4599 hic
1132 4529 1297 4613 conspexi,
