3128 5016
528 806 645 863 accus
666 805 854 861 nnauxns
874 806 1032 862 manius
1219 791 1283 862 299

280 973 428 1045 Ultimus
443 973 607 1044 dramatis
622 981 721 1044 actus
735 995 845 1057 usque
860 973 1014 1044 edendus
1028 981 1114 1056 erat,
1129 974 1181 1044 uti
1197 973 1284 1045 God-

278 1075 355 1157 frey
381 1074 525 1156 dixerat,
551 1075 609 1157 qui
635 1082 670 1144 et
695 1074 854 1144 bombam
880 1075 1086 1144 memoravit
1106 1110 1148 1120 -
1163 1081 1198 1144 et
1213 1096 1283 1144 ma·

278 1197 382 1258 gnam
396 1174 551 1258 quidem!
567 1175 715 1244 Mirabar
730 1174 812 1258 quid
826 1175 860 1244 id
875 1175 1037 1244 futurum
1050 1180 1150 1245 esset
1166 1175 1283 1245 Unum

278 1282 411 1345 certum
426 1297 501 1345 esse
515 1275 606 1345 scivi:
623 1277 651 1345 si
668 1275 819 1357 Godrrey
833 1274 868 1344 id
883 1274 1062 1358 apparavit
1071 1275 1282 1358 stupendum

279 1374 313 1444 id
329 1397 402 1445 esse
418 1376 588 1445 futurum.
1062 1368 1075 1387 '

363 1508 546 1591 Complura
572 1516 669 1578 erant
695 1509 785 1579 inter
809 1530 954 1579 munera
979 1531 1056 1578 mea
1071 1531 1150 1593 quae
1165 1531 1284 1579 curam

280 1631 392 1678 meam
407 1610 647 1692 efflagitarent,
663 1631 729 1692 ego
744 1617 861 1680 autem
877 1612 974 1679 tanta
989 1609 1198 1680 adveneram
1213 1631 1285 1679 mo

280 1733 328 1792 ra,
345 1711 508 1793 horaque
523 1710 705 1780 matutinae
719 1718 791 1779 tam
807 1710 874 1778 cito
889 1709 1102 1792 labebantur,
1118 1719 1158 1781 ut
1174 1733 1282 1793 quum

280 1811 483 1880 ministellus
508 1810 683 1892 ingressus
707 1811 808 1879 heros
834 1809 949 1890 Grady
976 1817 1011 1879 et
1037 1808 1230 1880 Simmonds
1250 1810 1285 1879 in

280 1912 367 1981 atrio
383 1911 499 1980 adesse
514 1933 636 1993 meque
649 1911 831 1980 convenire
846 1911 932 1979 velle
947 1910 1149 1993 nuntiasset,
1165 1933 1285 1981 eorum

280 2012 470 2081 adventum
501 2032 579 2079 cum
609 2011 763 2080 adventu
794 2018 990 2092 exspectato
1020 2010 1172 2094 Godfrey
1201 2011 1285 2080 nihil

280 2133 460 2182 commune
475 2110 600 2179 habere
616 2118 784 2192 putarem.
809 2110 899 2179 Tum
924 2111 1136 2193 horologium
1161 2111 1285 2194 aspicio

281 2212 449 2294 videoque
466 2211 617 2293 quinque
633 2217 770 2279 tantum
786 2210 920 2278 minuta
945 2218 1025 2279 ante
1050 2210 1285 2280 duodecimam

281 2333 468 2395 superesse,
484 2318 519 2380 et
535 2318 618 2379 tunc
633 2310 771 2379 demum
787 2310 936 2379 intellexi
952 2319 1108 2380 auctores
1124 2310 1288 2380 dramatis

281 2411 491 2494 congregari.

365 2527 549 2597 “Introduc
565 2528 652 2607 eos‚’'
669 2527 722 2595 aio
737 2549 862 2609 puero;
885 2527 931 2595 illi
955 2548 1036 2595 mox
1056 2527 1285 2596 intraverunt.

366 2645 482 2726 Grady
512 2643 698 2713 admodum
728 2644 912 2712 videbatur
947 2665 1020 2711 esse
1050 2643 1283 2725 perturbatus.

283 2746 408 2815 Vultus
424 2746 497 2813 eius
511 2745 713 2827 plerumque
728 2743 867 2813 floridus
881 2742 981 2812 modo
997 2743 1143 2825 pallebat
1158 2743 1287 2826 pendu-

282 2845 345 2926 lus
361 2867 460 2928 genae
475 2845 567 2913 foede
584 2846 733 2925 sulcatae,
760 2845 848 2913 cutis
863 2844 927 2912 sub
943 2844 1049 2913 oculis
1063 2851 1187 2924 rugata
1201 2851 1286 2924 erat,

283 2946 370 3014 oculi
396 2953 512 3014 autem
539 2945 602 3027 ipsi
627 2944 793 3025 sanguine
819 2944 951 3013 suffusi.
983 2944 1034 3012 Ex
1057 2950 1197 3026 aspectu
1213 2943 1287 3012 eius

283 3045 481 3127 colligebam
498 3066 578 3112 eum
594 3066 711 3112 somno
727 3044 893 3124 caruissc;
916 3050 1025 3112 totam
1048 3050 1184 3113 noctem
1208 3043 1287 3113 Cro-

283 3145 388 3214 chard
404 3144 616 3226 quaesitando
632 3144 785 3225 exegisse
800 3152 891 3213 -et
907 3147 990 3212 satis
1005 3143 1135 3212 clarum
1151 3150 1224 3212 erat
1238 3150 1289 3211 to

285 3254 360 3314 tum
376 3245 526 3314 laborem
538 3245 572 3312 in
584 3265 719 3312 cassum
729 3244 847 3313 fuisse.
863 3243 1054 3314 Simmonds
1069 3265 1206 3326 quoque
1214 3244 1288 3312 fere

284 3347 461 3415 conlectus
476 3367 550 3413 esse
566 3344 758 3426 videbatur,
785 3367 847 3414 nec
872 3344 1016 3413 dubium
1042 3344 1125 3428 quin
1150 3364 1286 3413 omnem

284 3446 407 3515 veneni
423 3444 540 3513 olfacti
555 3466 679 3513 noxam
695 3444 842 3514 necdum
857 3444 995 3528 penitus
1008 3445 1178 3514 eluctatus
1192 3444 1246 3513 sit.

369 3563 530 3632 “Gaudeo
557 3571 591 3631 te
617 3562 739 3631 melius
767 3563 902 3645 habere,
932 3561 1153 3643 Simmonds‚”
1183 3583 1287 3631 manu

286 3673 443 3748 porrecta
473 3686 552 3733 eum
583 3665 746 3745 alloquor.
783 3663 927 3733 “Nonne
957 3662 1078 3732 ‘facilis
1106 3662 1289 3732 descensus

285 3765 446 3835 Avemi'?
462 3764 479 3791 ”

368 3881 519 3949 “Verum
534 3880 733 3961 memoras,'’
750 3880 872 3963 probat
893 3878 1085 3949 Simmonds
1111 3878 1145 3947 in
1171 3879 1287 3949 sellam

286 4006 321 4052 se
337 3981 529 4051 demittens.
543 3980 717 4048 “Paucillo
733 3980 810 4061 plus
824 3981 898 4049 eius
912 3978 960 4047 rei
971 3979 1140 4048 effecisset
1151 3986 1192 4048 ut
1202 4000 1289 4049 nun·

287 4104 390 4167 quam
406 4080 689 4163 expergiscerer.’'
