3128 5016
501 831 695 886 caocrmreo
717 832 795 885 rme
815 831 1042 886 murucuuus
1218 814 1280 883 241

279 1000 480 1081 mysterium
506 1000 725 1068 irresolutum
752 1000 934 1080 manserit;
968 999 1133 1081 respondi.
1167 996 1280 1067 “Nihil

279 1101 340 1169 nisi
356 1101 512 1169 assiduus
527 1100 621 1169 labor
636 1100 790 1170 animum
807 1123 923 1169 meum
939 1100 982 1168 ab
998 1122 1038 1168 eo
1051 1121 1194 1168 avocare
1210 1098 1280 1181 poti

278 1201 361 1269 est.”

363 1300 464 1369 “Esto
488 1323 569 1382 ergo
594 1301 682 1369 bono
703 1302 847 1382 anim0,'’
870 1301 980 1384 inquit
1011 1299 1176 1380 renidens
1207 1297 1281 1367 “tu-

278 1403 383 1484 igitur
397 1401 507 1481 gratia
523 1401 556 1469 id
572 1401 721 1482 primum
739 1402 977 1471 resolvemus.”

362 1502 487 1571 “Visne
503 1501 691 1583 significare
707 1510 741 1570 te
756 1502 789 1570 id
808 1503 891 1570 scire
901 1503 937 1570 ?’'

362 1603 456 1672 “Scio
473 1603 539 1670 iam
557 1601 633 1683 quis
649 1602 792 1671 Grandis
807 1603 860 1671 ille
877 1603 1019 1683 Ignotus
1033 1601 1087 1682 sit,
1103 1600 1232 1682 tibique
1246 1599 1279 1667 id

279 1705 394 1773 statim
411 1703 572 1784 aperiam.
589 1702 752 1770 Perendie
769 1738 808 1746 -
825 1703 878 1771 die
901 1702 1059 1771 Mercurii
1084 1737 1124 1746 —
1151 1699 1281 1780 reliqua

278 1812 402 1872 cuncta
426 1803 539 1871 sciam.
577 1803 665 1871 Tota
688 1811 770 1872 tunc
794 1803 935 1871 historia
957 1803 991 1870 in
1017 1803 1139 1870 diumo
1164 1808 1280 1867 nostro

279 1904 461 1983 matutino,
477 1903 531 1971 die
549 1902 637 1970 lovis
652 1903 879 1984 evulgabitur.
903 1903 991 1986 Quid
1008 1903 1034 1971 si
1051 1903 1116 1971 iter
1132 1922 1192 1983 pro
1207 1899 1280 1968 eius

278 2004 343 2072 diei
360 2002 610 2084 postmeridiem
627 2025 764 2083 parares
773 2004 809 2071 ?’'

362 2103 453 2171 Nihil
469 2102 532 2170 nisi
548 2103 712 2171 emiratus
727 2126 808 2172 eum
824 2104 978 2173 contueri
996 2102 1100 2185 quivi.
1129 2101 1203 2182 lpse
1220 2121 1277 2167 ve-

280 2227 316 2272 ro
331 2226 410 2272 cum
428 2203 496 2270 risu
514 2203 546 2269 in
564 2225 619 2270 me
635 2204 791 2285 respexit.

362 2302 444 2370 “Vel
469 2325 559 2369 nunc
586 2302 652 2370 iam
677 2304 799 2371 melius
822 2304 936 2372 valere
962 2303 1121 2382 videris”
1138 2301 1278 2379 iocatur,

279 2405 365 2472 “acsi
382 2404 489 2470 vitam
506 2402 572 2470 iam
591 2403 696 2483 pluris
711 2405 946 2472 aestimandam
969 2403 1138 2486 putares,”
1155 2400 1280 2484 quibus

279 2505 386 2581 dictis,
402 2526 464 2570 nec
481 2510 630 2583 rogatus,
646 2504 888 2572 convolvulum
906 2504 967 2571 sibi
984 2502 1139 2585 sumpsit.

363 2603 564 2683 “Godfrey,''
581 2602 731 2671 obtestor
747 2627 820 2685 ego,
836 2603 1132 2672 “satiushaberem
1144 2602 1276 2683 siquem

279 2706 383 2772 alium
400 2703 441 2771 ad
459 2703 700 2771 ludificandum
717 2704 778 2772 tibi
805 2706 955 2785 eligeres.
978 2704 1031 2773 Tu
1059 2704 1148 2772 enim
1164 2701 1206 2770 ad
1223 2723 1278 2769 me

279 2806 395 2883 intras,
411 2803 581 2871 bombam¹
599 2804 740 2884 proiicis,
750 2813 790 2873 ut
802 2805 918 2873 videas
933 2812 1098 2885 quantam
1114 2804 1147 2871 in
1164 2803 1279 2870 altitu·

279 2906 392 2973 dinem
408 2903 561 2972 subsilire
578 2905 718 2972 valeam.
735 2905 810 2972 Tibi
837 2906 899 2973 hoc
925 2905 1014 2973 lusui
1030 2912 1091 2984 est,
1107 2926 1168 2971 nec
1184 2902 1279 2970 dubi-

280 3015 324 3085 to,
340 3012 402 3073 aut
418 3005 520 3073 etiam
536 3004 618 3073 utile
635 3013 675 3073 ut
691 3005 860 3085 doctrina;
893 3013 929 3074 at
944 3005 1041 3074 nervi
1056 3004 1122 3072 mei
1137 3002 1171 3072 id
1186 3002 1277 3071 haud

279 3106 429 3175 ferunt.’'

365 3205 434 3273 “Mi
450 3205 598 3285 Lester,”
614 3207 759 3287 appellat
774 3205 838 3287 ille,
851 3204 943 3274 “haec
954 3228 997 3274 ne
1007 3205 1131 3274 bomba
1142 3203 1278 3287 quidem

279 3307 357 3386 fuit,
373 3305 431 3374 sed
447 3305 587 3373 assertio
603 3306 716 3374 facti.'’

381 3541 403 3590 1.
422 3536 540 3598 Rotuba,
557 3553 604 3589 aa:
623 3540 719 3603 globus
730 3540 835 3591 ferreus
857 3540 958 3591 solidus
979 3547 1027 3591 aut
1048 3555 1138 3599 cavus,
1160 3555 1240 3605 quem
1263 3555 1279 3590 e

279 3622 424 3675 tormentis
437 3622 539 3672 milites
552 3623 739 3686 pyrotechnici
754 3624 881 3674 eiaculari
896 3624 993 3675 solent.
1007 3623 1124 3675 Verbum
1144 3629 1185 3674 est
1203 3621 1278 3672 bom-

279 3706 352 3764 bio‚⁴
371 3705 441 3770 quod
455 3721 550 3755 sonum
566 3707 649 3757 refert
668 3707 832 3758 insectorum
851 3707 1043 3766 volitantium
1062 3723 1144 3758 sonus
1162 3707 1219 3770 ipse
1237 3711 1279 3757 est

280 3787 406 3846 bombus,
424 3788 467 3838 vel
482 3786 602 3848 bombos,
620 3797 661 3840 est
675 3791 747 3841 enim
767 3791 907 3848 Graecum:
926 3791 952 3841 id
970 3797 1061 3841 autem
1086 3790 1156 3855 quod
1181 3806 1277 3841 sonum

281 3874 352 3924 hunc
367 3871 451 3921 efficit
465 3877 505 3922 est
519 3870 626 3931 bombo,
642 3890 658 3923 a
673 3874 778 3925 Latinis
792 3874 883 3925 soeculi
901 3874 1099 3938 quartidecimi,
1113 3881 1173 3938 post
1186 3874 1279 3924 inven-

281 3965 338 4007 tum
354 3954 491 4017 pulverem
507 3955 621 4018 pyrium,
631 3963 712 4021 atque
722 3963 888 4008 tormentum
898 3957 1044 4019 igniarium
1054 3958 1182 4009 ellictum.
1191 3957 1278 4017 Quam

282 4039 393 4104 probum
408 4037 445 4088 sit
459 4038 501 4088 vel
518 4038 580 4088 inde
594 4047 668 4103 putet
682 4040 753 4105 quod
767 4040 849 4092 uullae
863 4041 965 4105 linguae
979 4041 1114 4094 modernae
1134 4039 1208 4092 aliud
1230 4056 1278 4091 vo-

282 4122 413 4179 cabulum
427 4128 604 4189 cognoscant.
