3128 5016
603 802 711 858 ocuu
731 804 918 860 rnnmms
1197 788 1260 859 123

257 980 349 1042 certo
363 973 480 1042 ordine
495 980 660 1056 oportere,
676 973 824 1057 alioquin
840 974 975 1044 forulus
989 994 1167 1056 nunquam
1183 993 1259 1056 ape

258 1073 374 1143 rietur.
397 1073 525 1142 Vereor
539 1095 583 1142 ne
599 1073 769 1156 repulsam
784 1074 968 1143 feramus.”

341 1173 520 1243 “Graviter
535 1195 607 1242 rem
621 1195 676 1242 me
690 1174 781 1243 ferre
806 1195 954 1244 asserere
968 1173 1061 1244 haud
1076 1173 1195 1257 queo,”
1210 1194 1260 1243 re

257 1273 320 1343 tuli
335 1296 400 1356 ego
415 1274 527 1343 animo
542 1274 717 1343 allevatus
740 1273 834 1357 “Ego
848 1274 985 1357 quidem
1001 1296 1043 1343 ex
1066 1295 1143 1343 mea
1164 1279 1260 1357 parte

257 1395 356 1457 aequo
382 1375 491 1442 feram
519 1374 630 1442 animo
655 1373 682 1442 si
707 1373 841 1443 forulus
864 1374 899 1442 in
923 1374 1167 1457 sempiternum
1182 1372 1262 1442 deli·

257 1474 394 1544 tuerit.”

339 1574 434 1657 “Ego
449 1596 517 1643 non
532 1574 646 1656 item,”
672 1574 788 1657 paucis
816 1575 921 1644 refert
948 1574 1109 1657 Godfrey‚
1137 1573 1262 1644 strictis

259 1675 443 1758 superciliis
458 1675 606 1744 residens
621 1696 802 1758 arcamque
824 1682 1009 1758 aspectans.
1032 1675 1112 1744 Mox
1136 1674 1261 1744 iterum

259 1775 406 1844 surrexit
421 1796 602 1857 arcamque
617 1797 638 1844 a
651 1782 749 1858 tergo
764 1775 900 1858 palpare
915 1775 1026 1858 coepit.

341 1875 463 1943 Nescio
478 1874 560 1958 quid
575 1874 609 1944 id
624 1875 730 1943 fuerit
746 1910 785 1919 -
800 1875 927 1944 nullius
942 1875 1032 1944 enim
1042 1873 1195 1944 conscius
1205 1873 1259 1944 fui

258 1975 420 2057 strepitis
433 2010 475 2019 —
491 1974 543 2043 vis
557 1982 671 2043 tamen
688 1974 845 2057 quaedam
858 1975 1103 2044 arcanaoculos
1113 1995 1206 2044 meos
1216 1974 1260 2043 ad

257 2077 443 2145 fenestram
459 2075 651 2158 posterioris
665 2075 770 2158 partis
785 2075 930 2144 cubiculi
944 2075 1080 2145 allicuit.
1096 2075 1205 2158 Prope
1215 2073 1260 2144 ad

257 2176 488 2246 summitatem
502 2175 634 2244 foriculi
658 2197 760 2258 quem
777 2197 841 2258 ego
856 2182 891 2244 et
906 2175 1014 2244 Parks
1027 2175 1063 2244 in
1078 2175 1189 2244 locum
1204 2196 1261 2258 ap-

258 2297 487 2359 posueramus‚
504 2276 668 2358 exiguum
684 2283 757 2345 erat
782 2276 936 2344 foramen
961 2275 1081 2345 lunare
1107 2274 1257 2358 aliquan-

258 2384 344 2457 tum,
359 2375 443 2446 lucis
456 2376 568 2459 gratia
583 2377 728 2446 fortasse
753 2376 913 2458 excisum,
928 2397 989 2459 per
1004 2375 1096 2459 quod
1110 2396 1173 2458 par
1184 2397 1261 2445 ocu·

258 2477 367 2546 lorum
382 2512 423 2521 -
444 2476 619 2545 oculorum
644 2476 837 2546 ardentium
870 2512 904 2521 -
936 2475 1101 2559 speculari
1126 2475 1261 2545 videba-

259 2585 327 2647 tur.

343 2676 440 2745 Oculi
455 2676 490 2744 hi
504 2677 539 2745 in
555 2676 706 2760 Godfrey
721 2683 818 2746 tanto
833 2675 952 2746 ardore
966 2683 1064 2746 erant
1086 2675 1197 2759 defixi,
1219 2682 1261 2746 ut

259 2798 374 2846 meum
388 2775 549 2846 obtutum
565 2799 628 2847 nec
643 2777 823 2847 observare
839 2784 1007 2860 parerent,
1028 2783 1064 2846 et
1090 2776 1136 2846 sic
1157 2782 1262 2860 caput

256 2877 409 2959 protinus
424 2876 554 2946 deflexi.

346 2976 550 3061 “Godfreyss’
568 2977 721 3060 alloquor
736 2999 826 3058 eum,
851 2975 939 3046 “noli
969 2977 1156 3060 suspicere;
1178 2999 1261 3047 cave

257 3085 372 3146 vertas
386 3086 509 3160 caput;
532 3085 584 3146 est
599 3099 720 3160 nempe
735 3075 866 3159 aliquis,
882 3076 940 3159 qui
955 3098 1015 3159 per
1029 3077 1184 3146 foramen
1194 3077 1261 3146 fori

258 3177 429 3257 fenestra,
445 3199 464 3245 e
479 3177 616 3259 regione
631 3176 737 3258 nobis,
751 3198 814 3245 nos
828 3175 1052 3259 speculatur.”

342 3276 493 3359 Godfrey
507 3298 611 3360 prope
625 3276 768 3346 solidum
785 3276 957 3345 minutum
983 3297 1051 3344 non
1079 3275 1261 3360 respondit,

258 3377 316 3446 sed
332 3398 418 3459 opus
433 3398 545 3446 arcam
561 3376 757 3460 explorandi
771 3375 945 3446 commode
959 3375 1261 3459 prosequebatur.”

341 3475 456 3546 “Tene
471 3499 507 3546 se
522 3483 753 3560 aspectantem
768 3476 862 3546 videt
872 3475 908 3545 ?’'
924 3476 1048 3558 quaerit
1063 3475 1218 3559 denique.

341 3577 439 3647 “Non
455 3577 568 3658 videt;
591 3576 700 3646 omnis
713 3583 748 3646 te
763 3576 957 3659 speculatur
972 3576 1077 3645 oculis
1102 3597 1121 3645 e
1145 3576 1261 3647 fronte

258 3699 354 3760 paene
369 3677 627 3760 procidentibus.
650 3678 839 3760 Nunquam
854 3676 939 3746 tales
953 3676 1023 3746 vidi
1037 3676 1152 3746 oculos
1162 3675 1190 3744 !''

344 3777 520 3847 “Ullamne
535 3777 654 3846 vultus
669 3777 743 3846 eius
758 3784 889 3860 partem
904 3776 1054 3846 vidistil”

341 3877 439 3946 “Non
455 3876 542 3957 vidi;
564 3877 720 3946 foramen
736 3876 821 3945 exile
836 3883 897 3945 est.
920 3876 1052 3959 Digitos
1077 3875 1180 3945 unius
1193 3896 1263 3946 ma·

256 3981 322 4047 nus
337 3978 410 4047 eius
423 3977 539 4047 videor
552 3976 685 4060 vidisse,
701 3977 783 4047 dum
799 3997 834 4045 se
848 3975 920 4045 loco
930 3976 1101 4045 continere
1112 3982 1264 4046 conatus·

256 4079 291 4147 in
306 4077 471 4148 foramine
487 4077 634 4148 tenebat„
