3150 5468
323 1296 488 1351 uonnrur
504 1297 675 1351 rnuuunu
692 1296 872 1351 romensi
887 1296 994 1351 rurus
1099 1280 1162 1351 225

164 1465 262 1547 cepit,
277 1465 381 1534 biduo
396 1465 473 1535 hinc
488 1487 630 1535 munere
646 1487 681 1535 se
696 1465 868 1535 abdicavit
892 1500 933 1510 -
957 1465 1104 1548 primum
1126 1486 1165 1534 ac

164 1573 264 1634 tuum
280 1567 459 1635 remulcale
474 1575 660 1649 acceperat,
670 1566 768 1648 eique
780 1566 1008 1648 responderat.
1022 1565 1166 1635 Decuria

163 1666 502 1836 ggiiiumnelsjta’r'ism
517 1667 686 1737 desiderat
701 1689 791 1748 eum,
807 1666 865 1736 sed
879 1675 996 1736 utrum
1009 1665 1165 1749 reperiat,

248 1885 294 1955 Ut
310 1907 382 1954 rem
397 1885 680 1968 comprehendam
693 1885 957 1955 meditabundus
973 1887 1073 1968 tacui,
1088 1893 1164 1955 tum

165 1985 354 2068 impatiens,

247 2085 399 2155 “Cuncta
415 2085 518 2167 haec,”
533 2086 682 2168 inquam,
699 2085 801 2155 “satis
816 2087 914 2156 clara.
937 2087 1035 2167 Arca,
1060 2093 1100 2156 ut
1114 2107 1165 2154 as

163 2184 255 2265 seris,
278 2186 477 2254 commutari
503 2193 636 2268 poterat
666 2221 705 2230 -
735 2207 798 2254 nec
821 2193 856 2254 te
879 2186 950 2254 falli
966 2193 1050 2268 puto
1066 2221 1106 2230 —
1128 2192 1164 2254 at

163 2284 227 2353 ista
243 2285 357 2353 omnia
372 2285 413 2353 ad
426 2288 556 2354 exitum
573 2307 640 2354 non
657 2285 796 2354 ducunt.
829 2285 976 2355 Carnam
994 2286 1059 2354 illae
1073 2307 1164 2354 com·

164 2385 409 2454 mutabantur?
432 2387 600 2465 Quidnam
617 2387 705 2455 circa
730 2387 820 2455 illam
846 2408 958 2455 arcam
985 2386 1090 2455 Boule
1112 2394 1164 2455 est

163 2492 201 2553 ut
217 2485 280 2554 iste
296 2485 434 2566 ignotus
448 2485 575 2554 caedem
592 2485 664 2554 eius
679 2489 781 2555 causa
796 2486 1010 2555 committere
1025 2508 1092 2554 non
1105 2484 1165 2554 du·

163 2584 272 2653 biteti
313 2586 405 2655 Num
434 2586 486 2654 ille
512 2594 609 2668 putat
633 2586 763 2655 litteras
786 2608 843 2655 eas
869 2607 976 2669 usque
1002 2585 1095 2654 intus
1121 2586 1166 2654 la-

163 2685 277 2754 terei”

246 2802 367 2870 “Nunc
383 2802 449 2871 iam
468 2804 626 2885 inteiligit
641 2825 697 2871 eas
707 2825 773 2871 non
791 2803 835 2871 ibi
851 2803 1003 2871 celari-
1021 2811 1059 2871 tu
1072 2802 1162 2871 enirn

163 2901 207 2969 iili
223 2903 422 2984 patefecisti.
446 2904 557 2972 Antea
582 2903 624 2971 de
650 2902 772 2971 litteris
793 2903 874 2971 nihil
902 2903 1049 2972 habebat
1075 2926 1165 2972 com·

162 3003 257 3084 perti.
275 3003 364 3070 Nam
382 3003 408 3071 si
424 3003 586 3084 scivisset,
602 3026 660 3072 eas
674 3011 754 3072 ante
780 3005 918 3073 missam
945 3026 1059 3073 arcam
1085 3025 1162 3071 exe·

162 3102 309 3170 misset.”

245 3218 354 3302 “Quid
383 3242 465 3302 ergo
495 3220 593 3289 est?”
629 3242 755 3303 quaero.
792 3221 926 3303 “Atque
963 3219 1163 3303 praeprimis,

161 3317 322 3400 Godsrey,
338 3320 418 3401 quid
436 3320 499 3388 iste
515 3320 686 3389 scordalus
701 3321 874 3390 delitescat
891 3321 980 3389 domi
1005 3320 1163 3399 Vantine,

160 3418 312 3501 duosque
343 3420 496 3489 homines
528 3421 681 3489 occidat?
704 3422 757 3490 An
775 3422 828 3490 isti
853 3422 883 3489 ei
905 3421 939 3489 in
966 3442 1044 3489 arca
1068 3442 1163 3488 occu·

163 3528 242 3600 pato
259 3522 577 3601 supervenerunti”

244 3637 368 3705 “Nulla
384 3639 470 3706 ratio
488 3639 569 3706 mihi
588 3639 708 3706 suadet
724 3662 801 3707 eum
819 3660 970 3720 unquam
993 3638 1082 3706 intra
1106 3638 1163 3706 dd

162 3759 256 3805 mum
274 3738 420 3806 Vantine
447 3739 583 3818 fuisse,”
611 3739 774 3808 immotus
799 3739 846 3807 ait
872 3739 1041 3818 Godfrey3
1078 3737 1161 3805 “hoc

160 3844 221 3916 est,
238 3858 345 3918 usque
360 3860 400 3905 eo
416 3837 497 3905 dum
515 3847 552 3906 tu
570 3838 639 3920 ipse
656 3860 735 3907 eum
749 3839 824 3908 illuc
837 3838 898 3907 hoc
910 3837 1160 3919 postmeridiem

160 3936 352 4005 induxisti.''

243 4052 309 4121 “nt
326 4054 507 4135 (}0drrey,'’
523 4054 666 4122 obverto
679 4076 753 4135 ego,
770 4053 855 4121 “ista
881 4076 1018 4136 prorsus
1045 4053 1161 4121 absur-

160 4153 203 4222 da
218 4163 307 4221 sunt.
319 4154 462 4230 (monet
478 4177 557 4223 eum
575 4155 717 4222 intrasse
733 4153 883 4233 domum,
900 4156 956 4236 qui
973 4154 1062 4222 enim
1079 4154 1161 4222 alias

161 4263 292 4335 poterat
311 4255 457 4322 Vantine
473 4262 507 4322 et
526 4254 653 4322 Drouet
669 4254 819 4322 occidere
829 4254 865 4322 2⁹⁹

243 4370 426 4452 “Quisnam
443 4371 562 4439 asserit
579 4371 670 4439 hunc
685 4393 742 4439 eos
757 4370 915 4438 occidisse
925 4371 961 4438 ?”

243 4471 295 4539 “Si
312 4471 382 4553 ipse
398 4494 456 4539 eos
471 4494 537 4539 non
554 4471 684 4551 occidit,
700 4471 856 4552 quisnam
874 4470 906 4538 id
921 4471 1048 4539 feciti”

242 4571 393 4655 Godirey
418 4571 513 4640 binos
535 4580 718 4657 ternosque
744 4570 888 4641 haustus
911 4571 1000 4641 fumi
1030 4570 1158 4642 efflavit
