3150 5468
377 1229 440 1298 226
643 1248 851 1302 nrsraaruu
872 1248 980 1302 mem
1002 1241 1121 1302 souin

375 1413 505 1483 interea
521 1414 714 1497 meditatus,
732 1415 815 1484 dum
832 1437 896 1497 ego
916 1414 993 1484 fixis
1015 1414 1120 1485 oculis
1146 1437 1282 1484 mecum
1302 1435 1382 1483 con·

376 1513 576 1595 templabar.

461 1612 680 1696 “Equidem’'
695 1614 761 1683 fari
777 1615 924 1698 denique
949 1615 1071 1699 pergit,
1087 1613 1176 1684 “iam
1190 1636 1283 1684 nunc
1296 1635 1382 1696 pau·

377 1712 478 1796 lisper
492 1715 624 1783 somnia
639 1715 769 1797 poetica
784 1716 946 1798 effingere
970 1737 1121 1798 pergam.
1148 1715 1228 1784 Mox
1251 1714 1294 1783 ad
1318 1714 1381 1784 mi·

376 1834 454 1883 rum
471 1822 571 1884 tuum
587 1815 735 1885 amicum
751 1816 915 1898 Annand,
948 1822 988 1886 ut
1018 1838 1097 1886 eum
1122 1816 1252 1884 interea
1275 1814 1381 1883 etiam

376 1935 475 1995 aeque
490 1915 537 1984 sic
551 1915 760 1998 appellemus
775 1916 863 1997 licet,
879 1922 1102 1985 revertemur.
1125 1915 1193 1984 Iste
1215 1920 1307 1984 certe
1322 1913 1381 1983 ho

376 2036 433 2082 mo
448 2022 573 2096 praeter
587 2023 788 2086 consuetum
805 2016 957 2085 ordinem
973 2016 1055 2085 est.''

461 2113 574 2184 “Nihil
590 2115 631 2184 de
647 2116 709 2185 hoc
725 2117 874 2198 dubit0,”
890 2116 958 2186 dixi
973 2136 1140 2185 assensus.

462 2213 556 2296 “Ego
571 2237 653 2284 vero
668 2215 752 2284 nihil
764 2216 829 2285 nisi
846 2224 1008 2298 repetere,
1025 2237 1102 2298 quae
1117 2215 1184 2283 iam
1209 2220 1311 2283 antea
1333 2213 1383 2283 di·

376 2315 423 2394 xi,
440 2335 528 2395 queo
544 2350 584 2358 —
599 2323 640 2384 ut
656 2338 732 2385 mea
746 2317 816 2386 fert
831 2317 953 2400 opinio,
969 2317 1040 2399 ipse
1056 2315 1211 2398 princeps
1236 2320 1289 2383 est
1310 2335 1381 2383 om·

376 2413 473 2482 nium
488 2414 590 2484 huius
604 2416 669 2484 aevi
684 2417 975 2486 malefactorum.”

462 2513 517 2584 “Si
532 2515 604 2598 ipse
620 2517 675 2584 vel
691 2517 838 2586 maxime
853 2517 1053 2586 malefactor
1078 2521 1140 2597 est,
1154 2521 1248 2584 certe
1262 2520 1316 2583 est
1331 2513 1381 2582 in-

376 2613 514 2696 signis?
529 2637 688 2685 assensus
703 2616 869 2699 respondi.
892 2615 959 2685 “At
982 2616 1114 2684 difficile
1136 2613 1219 2683 mihi
1245 2613 1379 2683 creditu

376 2720 429 2782 est
443 2736 522 2782 eum
537 2716 792 2785 malefactorem
807 2737 889 2784 esse.
912 2716 1002 2785 Nam
1023 2716 1199 2784 hominum
1214 2713 1378 2796 omnium,

377 2835 479 2895 quem
495 2836 648 2897 unquam
663 2814 817 2896 conveni,
833 2815 861 2884 is
876 2815 1084 2884 cultissimus
1098 2815 1180 2883 est.”

460 2912 542 2982 “Est
558 2914 687 2996 utique.
710 2915 754 2983 Et
769 2914 812 2984 ob
828 2915 862 2984 id
878 2921 930 2984 est
945 2913 1160 2997 perniciosus.
1177 2913 1380 2982 Malefactor

376 3013 518 3092 ignarus
543 3035 720 3096 nunquam
745 3022 797 3083 est
823 3015 1029 3097 perniciosus
1053 3049 1094 3059 -
1123 3014 1306 3096 ergastula¹
1324 3013 1378 3082 his

375 3112 503 3193 ignaris
518 3114 795 3183 malefactoribus
816 3121 957 3184 scatent.
990 3115 1037 3183 At
1059 3114 1170 3184 cultos
1195 3120 1230 3182 et
1256 3112 1378 3195 politos

374 3212 514 3281 caveris.
538 3214 586 3283 Ut
601 3215 677 3297 quis
693 3214 891 3284 malefactor
906 3214 1049 3296 insignis
1074 3213 1209 3294 evadat,
1232 3214 1377 3283 faculta-

375 3313 467 3382 tibus
481 3315 610 3383 eniteat
625 3322 769 3398 oportet,
785 3315 832 3383 mi
848 3315 999 3384 Lester.’'

458 3412 542 3482 “Ast
557 3437 618 3483 cur
633 3416 814 3498 quisquam
830 3416 965 3485 dotibus
978 3415 1082 3484 animi
1097 3413 1261 3497 praeditus
1273 3415 1378 3483 male·

376 3515 485 3582 iactor
499 3515 632 3596 evadat,
649 3538 776 3598 quaero.
798 3516 832 3585 Si
848 3538 910 3598 par
931 3519 976 3584 sit
1001 3521 1137 3598 quaestu
1163 3513 1306 3583 honesto
1327 3513 1378 3582 vi·

373 3621 468 3682 ctum
484 3617 617 3697 mereri,
632 3638 693 3685 cur
708 3616 909 3685 inhonestus
923 3616 996 3684 fieri
1012 3615 1150 3685 malit?”

458 3714 555 3784 “Prae
570 3715 728 3785 omnibus
743 3717 816 3784 aliis
827 3716 978 3799 plerique
988 3716 1225 3784 malefactores
1240 3712 1377 3783 elibera

374 3816 562 3897 voluntate,
578 3839 646 3885 non
662 3839 704 3885 ex
719 3817 920 3885 necessitate
935 3816 1024 3885 fiunt
1046 3815 1304 3895 malefactores;
1319 3813 1378 3882 ho-

374 3917 500 3985 minem
514 3917 646 3985 cultum
661 3917 743 3986 vitae
758 3939 868 3998 genus
889 3917 1095 3986 concitatum
1111 3938 1151 3985 eo
1166 3916 1313 3997 allectat,
1335 3922 1376 3984 ut

374 4017 567 4100 plurimum.
591 4018 804 4100 Unquamne,
820 4017 866 4085 mi
882 4017 1010 4099 Lester,
1033 4024 1148 4086 tecum
1172 4015 1375 4099 reputavisti

474 4205 497 4254 1.
516 4201 720 4266 Erpastulum,
737 4201 769 4263 -ί,
791 4202 953 4254 vocabulum
971 4201 1212 4259 GraecoLatinum.
1233 4198 1375 4266 significat

374 4292 465 4338 autem
480 4302 613 4338 carcerem
628 4286 852 4342 emendatorium.
875 4286 903 4336 in
929 4291 1062 4351 quantum
1080 4284 1183 4351 captivi
1201 4283 1259 4336 illic
1283 4282 1376 4336 arduis

373 4371 510 4422 laboribus
524 4369 716 4429 exercitantur,
730 4386 782 4434 quo
798 4370 829 4421 fit
841 4376 888 4420 aut
902 4368 1041 4434 opificium
1058 4368 1192 4435 quoddam
1210 4366 1279 4419 utile
1302 4365 1377 4418 addi·

373 4460 460 4513 scant,
474 4470 528 4519 quo
542 4453 664 4506 libertati
677 4454 798 4506 restituti
813 4454 897 4505 vitam
912 4452 1009 4506 utilem
1020 4468 1052 4507 ac
1064 4452 1234 4507 fructuosam
1247 4449 1377 4520 deinceps

373 4539 471 4592 ducere
482 4543 593 4609 queant.
