3128 5016
377 812 441 882 230
650 826 1122 889 mancianum

376 997 486 1167 {ndns
499 998 590 1067 erat!
619 998 692 1069 Hoc
716 1001 885 1084 pmposito
911 1001 1062 1072 Armand
1086 1001 1176 1073 iners
1200 1008 1377 1086 exspecta·

459 1215 614 1285 Halitans
628 1239 699 1300 prae
713 1225 852 1302 stupore
867 1226 902 1287 et
916 1218 1136 1289 admiratione
1158 1218 1193 1288 in
1216 1220 1299 1289 sella
1321 1241 1376 1290 re-

375 1316 507 1384 clinavi.
518 1319 616 1397 Quod
625 1318 697 1387 haec
706 1340 773 1388 non
786 1320 939 1402 perspexi
950 1340 1222 1389 coecummeesoe
1235 1327 1376 1402 oportu-

376 1416 422 1484 it!
444 1418 595 1486 Armand
611 1419 701 1486 enim
716 1419 930 1488 commodum
946 1420 1053 1489 iacere
1068 1426 1201 1502 poterat
1226 1427 1262 1489 et
1288 1427 1375 1490 tem·

375 1539 440 1599 pus
455 1519 600 1599 opperiri
615 1519 697 1587 dum
713 1520 766 1588 ille
782 1521 816 1588 in
830 1521 988 1602 laqueum
1004 1519 1180 1589 incidisset
1210 1520 1290 1590 Non
1311 1521 1376 1604 igi·

375 1625 433 1685 tur
448 1619 572 1686 mirum
588 1619 615 1687 si
631 1619 676 1687 ibi
692 1619 915 1701 flagrantibus
928 1621 1032 1689 oculis
1054 1620 1193 1690 iacuerit
1216 1619 1301 1690 dum
1326 1622 1376 1691 al·

375 1727 428 1785 ter
443 1718 600 1799 phrenesi
616 1719 768 1800 agitatus
782 1741 895 1788 arcam
910 1718 1108 1789 rimaretur!

457 1851 556 1920 “Non
582 1874 692 1934 usque
713 1875 753 1921 eo
779 1852 861 1934 quid
884 1853 1043 1922 futurum
1068 1859 1157 1922 esset
1182 1854 1373 1937 perspexi?

371 1952 483 2034 pergit
500 1952 660 2034 Godfrey,
677 1953 779 2022 “dum
795 1954 946 2036 proditor
966 1954 1001 2022 in
1026 1974 1138 2022 arcam
1162 1954 1374 2035 proclinatas

370 2052 532 2134 choragia
547 2054 733 2134 quaeritans
746 2075 860 2122 arcam
876 2054 1039 2136 palparet
1074 2052 1216 2122 Nullum
1231 2061 1373 2138 tempus

372 2174 477 2220 morae
492 2161 565 2221 erat
581 2153 731 2221 dandum
749 2189 788 2198 -
812 2154 848 2222 in
872 2154 1067 2223 cubiculum
1091 2153 1184 2222 irrui.
1217 2155 1374 2226 Armand

371 2262 497 2334 puncto
514 2253 675 2334 temporis
689 2254 840 2333 evanuit,
871 2262 907 2322 et
930 2254 1028 2336 gigas
1052 2253 1190 2336 perinde
1214 2254 1374 2337 effugere

370 2353 536 2432 tentabat,
552 2353 610 2421 sed
626 2375 691 2435 ego
705 2376 785 2421 eum
797 2362 879 2422 ante
894 2353 1031 2422 ianuam
1046 2353 1217 2436 intercepi
1233 2354 1285 2424 De
1296 2356 1373 2426 eius

369 2454 517 2534 pernicie
532 2462 605 2521 tum
621 2475 665 2521 ne
680 2454 845 2522 somniaxi
860 2453 1015 2536 quidem
1036 2454 1078 2522 de
1102 2454 1254 2523 Armand
1278 2455 1372 2526 enim

369 2554 620 2634 superstitando
636 2576 679 2621 ne
694 2553 915 2635 cogitandum
931 2554 1068 2636 quidem
1083 2561 1167 2623 erat
1193 2553 1238 2623 Et
1252 2562 1372 2627 tamen

369 2654 614 2735 superstitavit.
637 2654 738 2722 Nunc
754 2654 903 2735 demum,
930 2654 1085 2723 ubitam
1111 2675 1186 2723 sero
1211 2662 1275 2736 est,
1297 2677 1372 2727 rem

368 2754 531 2835 intelligo.
554 2755 791 2822 Necessarium
814 2755 859 2822 illi
882 2762 957 2822 erat
984 2754 1075 2823 hunc
1099 2753 1261 2838 occidere,
1286 2756 1373 2827 nihil

367 2863 441 2922 erat
457 2854 617 2935 ambigui.
635 2857 907 2937 Quantacunque
923 2862 1021 2923 erant
1036 2854 1239 2937 discrimina,
1264 2856 1373 2927 oocidi

366 2954 456 3022 hunc
473 2955 684 3035 oportebat.”

452 3071 622 3140 “liecurt'’
639 3092 765 3153 quaero.
782 3071 1074 3151 “Quamobrem’'

450 3187 523 3256 “Ad
540 3187 780 3256 occludendarn
797 3189 959 3269 linguam.
982 3187 1072 3267 Quid
1087 3186 1114 3256 si
1130 3209 1209 3257 eum
1225 3188 1371 3272 cepisse-

365 3290 463 3356 mus?
493 3288 586 3355 Num
604 3297 642 3356 tu
659 3298 827 3356 secretum
850 3288 1001 3357 Armand
1027 3288 1082 3357 vel
1108 3309 1170 3370 pro
1194 3297 1371 3360 momento

362 3410 519 3457 securum
537 3396 637 3469 putas
652 3389 831 3457 futurum?
850 3388 903 3456 Sic
918 3388 1034 3470 itaque
1049 3410 1129 3457 eum
1144 3388 1367 3460 occidendum

363 3488 524 3556 iudicavit
541 3524 580 3530 —
596 3488 816 3555 occidendum
832 3509 920 3555 unco
935 3498 1162 3557 venenato-
1184 3497 1221 3558 et
1243 3491 1369 3561 oocidit

362 3612 451 3666 eum,
479 3590 572 3669 quin,
599 3588 745 3669 insuper,
771 3588 874 3654 etiam
901 3587 1030 3655 evasit!
1061 3587 1249 3670 Nunquam
1263 3598 1369 3660 antea

362 3691 395 3758 in
412 3711 486 3756 mea
503 3689 574 3755 vita
600 3695 670 3755 tam
697 3689 835 3755 fatuum
857 3696 996 3769 tamque
1018 3687 1174 3757 delusum
1195 3710 1251 3758 me
1266 3690 1368 3773 sensi,

361 3811 464 3870 quam
481 3809 588 3868 quum
603 3788 740 3855 ianuam
755 3797 836 3855 ante
858 3788 973 3856 oculos
997 3787 1079 3856 mihi
1105 3787 1203 3858 obiici
1225 3790 1369 3874 percipi·

361 3889 493 3957 ebam.”

444 4005 621 4073 “Fortasse
637 4012 672 4070 et
688 4003 720 4070 id
737 4025 756 4070 e
772 4003 906 4084 proviso
922 4004 1036 4083 fecit,”
1062 4025 1168 4074 ausus
1182 4026 1260 4075 stim
1275 4006 1366 4077 timi·

359 4107 401 4176 de
422 4126 606 4188 suggerere
622 4112 763 4186 paratus
778 4103 845 4171 iam
860 4104 975 4172 omnia
989 4104 1033 4174 de
1047 4104 1113 4175 isto
1127 4105 1291 4189 singulari
1307 4107 1369 4179 ho·
