3150 5468
405 1267 760 1326 consummamur
776 1268 959 1326 eorncnu
974 1269 1080 1324 mm
1184 1251 1247 1323 229

241 1436 339 1519 ditor,
355 1437 428 1507 sine
443 1437 664 1508 dubitatione.
676 1438 932 1523 Comperiemur
946 1459 1026 1508 mox
1041 1458 1121 1508 eum
1136 1457 1180 1506 ex
1195 1456 1248 1506 as·

242 1536 339 1607 seclis
362 1537 513 1608 Annand
540 1538 657 1608 fuisse.
689 1538 835 1609 Secutus
857 1539 928 1623 ipse
955 1545 1007 1608 est
1033 1536 1186 1608 Annand
1211 1536 1246 1606 in

242 1637 443 1719 Americam,
458 1638 596 1708 insidias
610 1639 641 1708 ei
657 1639 814 1721 tetendit,
830 1640 919 1722 cepit
935 1661 1015 1709 eum
1030 1637 1105 1718 reti,
1121 1658 1245 1706 manus

241 1737 412 1821 pedesque
427 1738 501 1808 eius
516 1738 637 1808 vinxit.
659 1740 754 1809 Num
770 1747 872 1823 putas
886 1738 1039 1809 Annand
1055 1737 1146 1808 hunc
1161 1737 1196 1807 in
1211 1737 1248 1807 il·

241 1837 275 1907 la
289 1837 390 1907 domo
404 1837 567 1909 interesse
583 1838 819 1922 ignoravisse?
855 1840 910 1909 An
925 1839 1029 1909 etiam
1044 1837 1154 1908 credis
1166 1858 1246 1907 eum

242 1937 389 2008 valuisse
404 1938 556 2008 Armand
572 1961 693 2022 capere
707 1947 742 2010 et
758 1940 886 2010 vincire
901 1938 1096 2010 invitum?”

327 2053 422 2137 “Ego
457 2077 540 2125 vero
570 2056 759 2140 perspicere
795 2078 930 2140 nequeo
958 2054 1246 2140 quemadmodum

243 2155 406 2238 Annand,
421 2177 530 2239 quum
545 2156 580 2226 in
596 2157 671 2226 eius
686 2163 890 2240 potestatem
905 2156 1079 2239 incideret,
1105 2155 1247 2225 eluctari

243 2257 440 2340 potuisset?

326 2373 425 2444 “Non
441 2375 622 2458 perspicis?
643 2376 750 2459 Atqui
767 2384 806 2446 tu
823 2378 894 2459 ipse
916 2375 1014 2446 testis
1039 2374 1137 2445 fuisti
1164 2373 1248 2444 vidi·

243 2473 355 2556 stique
369 2495 449 2544 eum
465 2496 585 2544 revera
600 2476 755 2546 vinctum
771 2499 838 2546 non
855 2476 962 2546 fuisse
977 2511 1017 2521 -
1033 2496 1155 2558 nempe
1171 2496 1245 2544 sese

245 2573 435 2644 liberasse.”

328 2691 387 2761 “ld
403 2714 525 2762 verum
541 2694 625 2774 est,”
641 2693 906 2764 meditabundus
920 2693 1035 2764 annui.

327 2808 630 2879 “consummemus
645 2833 728 2893 ergo
742 2811 948 2893 historiam,”
975 2817 1134 2894 properat
1160 2809 1246 2879 God-

243 2909 319 2991 frey
341 2930 489 2979 narrare.
512 2909 690 2980 “Proditor
714 2911 847 2981 invenit
873 2918 1042 2980 secretum
1066 2931 1172 2990 arcae;
1195 2931 1247 2978 se-

243 3009 361 3091 quitur
376 3009 526 3079 Annand
540 3010 614 3079 Neo
626 3011 828 3092 Eboracum,
839 3012 924 3080 clam
937 3009 1155 3094 prosequitur
1167 3031 1245 3078 eum

243 3109 277 3177 in
293 3108 431 3179 domum
449 3110 575 3180 Plateae
590 3111 759 3194 Septimae,
785 3133 865 3181 eum
882 3111 926 3180 ibi
943 3111 1170 3194 praestolatur,
1194 3131 1248 3180 ca·

243 3209 293 3290 pit
307 3217 342 3279 et
359 3210 463 3279 vincit
479 3233 568 3280 eum.
591 3211 740 3281 Victoria
766 3213 840 3281 fere
861 3211 1001 3281 demens
1027 3246 1067 3255 -
1092 3210 1246 3279 insanam

243 3309 438 3380 modulatur
467 3311 672 3381 cantilenam
701 3311 789 3381 circa
818 3311 1014 3392 vindictam,
1049 3310 1245 3391 vindictam,

244 3408 448 3479 vindictam!
471 3412 595 3494 Atque,
612 3420 651 3480 ut
668 3411 810 3481 victoria
825 3433 887 3480 sua
902 3432 1040 3494 prorsus
1065 3417 1154 3479 esset
1180 3411 1247 3493 pie

244 3532 297 3591 na,
313 3511 487 3593 captivum
503 3533 605 3581 suum
621 3534 688 3581 non
705 3513 790 3582 illico
805 3511 988 3581 interiecit.
1019 3511 1107 3579 Eum
1134 3510 1247 3592 potius

244 3610 278 3678 in
293 3611 458 3692 angulum
476 3612 656 3694 provolvit,
672 3620 775 3695 atquc
791 3612 834 3681 ad
851 3613 1025 3681 involucra
1040 3630 1128 3679 arcae
1141 3611 1249 3679 revel·

243 3710 342 3780 lenda
358 3733 393 3780 se
409 3711 564 3794 accingit.
587 3711 726 3781 Summa
741 3712 892 3781 victoriae
914 3713 1035 3780 futura
1058 3717 1110 3778 est
1136 3731 1245 3791 quum

243 3812 414 3880 occultum
431 3812 582 3881 forulum
599 3813 664 3881 sub
679 3813 784 3881 oculis
798 3812 903 3895 ipsius
925 3809 1076 3880 Armand
1102 3810 1246 3880 evellere

244 3911 403 3990 potuerit.
426 3911 577 3980 Armand
593 3919 710 3981 autem
739 3911 772 3980 in
799 3911 928 3993 angulo
949 3910 1036 3980 iacet
1061 3909 1166 3979 oculis
1191 3910 1249 3980 fla-

243 4011 432 4093 grantibus,
448 4012 608 4095 quoniam
633 4034 752 4082 revera
778 4012 852 4082 haec
877 4012 991 4095 potius
1016 4031 1078 4081 sua
1104 4010 1247 4080 victoria

243 4119 295 4180 est
310 4111 470 4181 futura!'’

328 4228 497 4298 “Victoria
513 4229 675 4299 futura?”
699 4251 825 4312 quaero.
855 4229 1046 4313 “Quidnam
1073 4252 1113 4301 eo
1140 4230 1246 4300 verbo

243 4330 384 4400 innuere
398 4328 491 4399 vis?”

328 4446 480 4517 “Scilicet
511 4445 602 4529 quod
638 4447 757 4516 eodem
794 4454 967 4517 momento
997 4469 1065 4530 quo
1095 4447 1247 4530 proditor

243 4554 425 4631 aperturus
439 4554 514 4618 erat
528 4547 691 4630 forulum,
706 4547 972 4618 mechaniamate
983 4554 1153 4618 venenato
1167 4547 1247 4619 teri·
