3150 5468
333 1221 395 1290 180
594 1236 802 1291 ursrumuu
823 1237 930 1290 ΑΜ
951 1229 1069 1291 noum

331 1425 435 1486 quam
459 1404 563 1473 herus
577 1404 723 1474 Vantine
746 1404 1015 1486 praestinaverat,
1036 1404 1072 1472 in
1098 1404 1332 1486 promptuario

329 1511 446 1574 nostro
461 1511 514 1573 est
535 1505 661 1586 relicta,
677 1505 721 1573 illi
738 1513 855 1573 autem
881 1505 953 1574 haec
979 1505 1044 1573 alia
1070 1512 1122 1573 est
1146 1511 1332 1573 convasata

329 1625 368 1674 ac
383 1605 555 1687 permissa.
577 1605 662 1673 Rem
677 1604 899 1673 severissimae
922 1605 1073 1686 indagini
1097 1605 1331 1673 subiecimus.’'

415 1703 529 1787 “Ergo
544 1727 623 1774 arca
639 1705 711 1773 heri
726 1705 873 1774 Vantine
889 1726 998 1787 usque
1014 1704 1151 1773 Parisiis
1165 1712 1218 1774 est
1227 1704 1264 1773 ?''

415 1820 469 1890 “N
471 1844 514 1890 on
530 1829 592 1903 est,
609 1822 699 1890 Here
715 1822 852 1902 Lester;
869 1843 1018 1890 errorem
1029 1821 1096 1890 iam
1108 1828 1188 1889 ante
1202 1821 1332 1903 aliquot

330 1919 402 1990 dies
416 1922 625 2003 rescivimus,
641 1921 781 2004 proinde
796 1943 920 2002 arcam,
936 1944 1014 2004 quae
1024 1921 1098 1990 heri
1109 1921 1257 1990 Vantine
1268 1928 1331 2002 est,

329 2020 443 2090 adme
464 2021 530 2090 huc
554 2022 730 2090 miserunt.
752 2022 880 2090 Eadem
907 2024 1060 2104 proximo
1083 2021 1137 2090 die
1163 2021 1331 2102 Mercurii,

330 2140 392 2202 per
407 2124 461 2190 Lo
476 2125 647 2190 Prooeace
662 2121 728 2190 huc
745 2122 931 2203 perveniet.
965 2122 1040 2203 Ipse
1066 2142 1131 2203 ego
1156 2143 1231 2189 eam
1246 2121 1332 2190 exci-

331 2220 432 2303 piam,
447 2221 598 2303 heroque
613 2221 760 2290 Vantine
776 2222 924 2290 sistam.’'

414 2319 548 2389 “Herus
563 2321 710 2390 Vantine
725 2331 883 2391 mortuus
897 2322 981 2403 est,'’
997 2321 1100 2390 doceo
1111 2343 1200 2391 eum.
1217 2320 1332 2390 “Num

332 2419 366 2489 id
382 2421 519 2490 nescisti
531 2421 567 2489 ?”

413 2521 642 2604 Aliquamdiu,
658 2521 726 2591 acsi
741 2544 808 2590 non
824 2530 970 2604 caperet,
986 2529 1128 2604 stupens
1143 2522 1292 2591 sedebat.

414 2619 582 2689 “Rectene
599 2628 633 2690 ῖθ
649 2622 797 2690 intellexi
827 2621 949 2690 herum
978 2622 1125 2691 Vantine
1155 2629 1329 2690 mortuum

330 2740 404 2788 esse
419 2720 542 2790 dixisse
550 2721 587 2789 ?'’
603 2721 824 2791 balbutiebat.

413 2836 589 2919 Quantum
604 2837 646 2906 de
662 2838 751 2906 tristi
768 2845 895 2906 eventu
912 2838 995 2906 scivi
1020 2838 1050 2907 ei
1077 2838 1225 2920 narravi,
1246 2838 1329 2907 dum

330 2935 401 3018 ipse
416 2959 471 3006 me
487 2938 583 3020 quasi
599 2939 816 3020 stupefactus
831 2938 1037 3020 aspectabat.

414 3051 559 3122 “Mirum
577 3055 659 3135 est,”
675 3054 816 3136 inquam
838 3053 894 3123 “te
909 3053 992 3123 nihil
1008 3077 1053 3123 ex
1066 3054 1118 3122 his
1141 3053 1175 3122 in
1199 3053 1329 3123 diurnis

329 3173 371 3220 ea
386 3174 422 3221 re
438 3154 648 3223 scatentibus
662 3154 818 3223 vidisse.”

414 3268 488 3338 “Ad
504 3270 629 3339 amicos
643 3270 830 3339 visitandos
846 3270 981 3350 Quebec
993 3270 1121 3352 abfui,”
1133 3270 1330 3355 explicabat,

331 3367 522 3438 “Nuntium
538 3370 660 3439 domus
674 3378 800 3438 nostrae
815 3393 870 3438 me
885 3370 953 3439 huc
968 3371 1123 3440 conferre
1134 3371 1255 3439 iubens
1266 3371 1330 3439 illic

330 3469 412 3537 mihi
428 3469 599 3539 redditum
614 3478 675 3538 est.
710 3471 803 3539 Illinc
818 3470 889 3539 sine
905 3493 1000 3539 mora
1015 3471 1107 3539 viam
1121 3472 1188 3539 huc
1203 3470 1332 3553 ingres-

329 3590 388 3638 sus
400 3591 486 3651 sum,
503 3569 625 3652 dieque
640 3569 778 3639 Saturni
793 3570 846 3638 hic
864 3571 1013 3651 perveni.
1030 3571 1060 3639 A
1075 3569 1220 3639 statione
1236 3573 1331 3639 recta

328 3668 396 3738 huc
411 3678 531 3739 vectus
545 3692 637 3752 aegre
652 3671 761 3752 reperi
777 3677 811 3738 te
826 3670 974 3739 abesse.''

412 3784 537 3855 “Doleo
553 3794 649 3856 tanto
665 3787 725 3855 tibi
743 3787 955 3855 incommodo
971 3787 1109 3868 fuisse,”
1136 3788 1205 3858 dixi
1221 3789 1256 3856 in
1272 3810 1329 3857 ex·

328 3885 547 3955 cusationem.

416 4000 494 4082 “At,
505 4003 552 4070 mi
564 4001 653 4070 Here
664 4002 792 4083 Lester,
808 4010 963 4072 nostrum
973 4010 1025 4071 est
1034 4003 1245 4074 incommoda
1256 4005 1333 4074 sub

328 4100 409 4183 ire,''
434 4102 628 4171 obtestatur
646 4102 726 4184 ipse.
750 4102 921 4170 “Tantum
937 4125 1086 4172 errorem
1103 4104 1248 4173 dedecus
1263 4105 1329 4173 exi·

329 4201 518 4270 stimamus.
531 4202 633 4269 Pater
644 4224 790 4270 meusex
800 4202 983 4284 antiquiori
995 4226 1120 4286 genere
1146 4203 1328 4272 admodum

328 4300 371 4368 ob
385 4300 418 4369 id
435 4301 657 4383 perturbatus
672 4309 733 4370 est.
756 4302 884 4370 Verum
906 4325 997 4371 mors
1013 4303 1077 4370 ista
1093 4303 1165 4370 heri
1180 4303 1328 4372 Vantine

327 4435 369 4444 ·-
384 4401 619 4469 molestissime
634 4423 688 4469 me
704 4401 817 4469 afficit.
840 4401 936 4484 Saepe
951 4423 1095 4470 numero
1110 4424 1189 4470 eum
1203 4423 1326 4471 conve·

326 4499 371 4568 ni.
394 4500 469 4584 Ipse
484 4523 588 4570 verus
603 4523 718 4570 rerum
734 4501 920 4572 aestimator
934 4501 1003 4570 fuit
1024 4536 1065 4545 —
1091 4501 1126 4571 in
1151 4523 1192 4570 eo
1216 4509 1329 4587 patro
