3128 5016
333 716 397 786 118
594 730 802 784 ursrunruu
824 729 931 784 Anca
952 722 1072 783 soum

415 897 675 982 “Quidquamne
690 898 804 980 habes,
820 899 960 981 Rogers,
971 898 1034 967 hac
1046 919 1189 980 vespera
1197 895 1235 966 ?”
1250 895 1332 965 mite

330 999 375 1068 ab
390 1021 430 1068 eo
445 1007 534 1082 peto,
551 997 662 1082 “quod
677 999 774 1068 nobis
787 999 971 1068 edisserere
985 998 1071 1068 velis
1078 998 1114 1067 ?”
1138 998 1185 1067 At
1208 997 1262 1066 ille
1285 996 1334 1065 ni·

331 1100 378 1168 hil
392 1100 456 1168 nisi
471 1108 576 1182 caput
591 1100 711 1182 agitat.

416 1216 509 1286 “lam
524 1239 603 1300 quae
626 1216 719 1298 scivi,
740 1215 786 1285 mi
814 1216 914 1297 llere,
938 1215 1051 1285 omnia
1077 1214 1138 1285 tibi
1163 1213 1332 1295 narravi,’'

331 1339 414 1387 voce
431 1318 604 1399 respondit
619 1318 794 1387 submissa.

415 1416 568 1487 “Vexare
582 1425 617 1486 te
632 1440 700 1486 non
717 1439 868 1500 pergam,
883 1418 1044 1500 Rogers,”
1065 1437 1251 1500 prosequor
1264 1437 1333 1484 ser·

330 1539 477 1600 monem,
509 1517 652 1587 “vellem
683 1526 798 1587 tamen
827 1525 971 1587 utrem
1001 1525 1115 1587 tecum
1144 1523 1331 1600 reputares.

332 1617 440 1701 Opem
455 1640 577 1699 meam,
594 1618 758 1701 siquando
774 1640 886 1700 egeas,
910 1618 971 1687 tibi
992 1618 1193 1687 adfuturam
1216 1615 1332 1685 scito.'’

415 1734 538 1804 Oculos
553 1757 633 1803 suos
648 1736 715 1805 cito
730 1735 765 1803 in
781 1757 835 1803 me
860 1735 1064 1816 sublevavit,
1090 1734 1149 1804 sed
1174 1733 1333 1817 protinus

329 1856 365 1904 se
380 1835 507 1917 recepit
521 1843 556 1904 et
572 1836 731 1904 obtutum
747 1835 882 1904 avertit.

415 1934 588 2005 “Gratiam
605 1936 665 2005 tibi
681 1936 820 2018 habe0,”
842 1935 1027 2019 respondit,
1054 1958 1117 2005 nec
1144 1934 1331 2019 quidquam

332 2037 418 2119 plus.

415 2135 469 2204 “N
471 2158 536 2205 unc
551 2137 664 2218 ver0,’'
682 2158 803 2205 moneo
813 2136 977 2220 asperius,
991 2135 1047 2206 “te
1063 2158 1203 2220 surgere
1219 2134 1331 2206 iubeo.

332 2236 433 2317 Velis,
449 2237 556 2305 Parks
569 2238 738 2306 camulam
753 2259 774 2305 a
789 2237 922 2307 foribus
935 2237 1098 2307 amoliri.”

415 2338 524 2406 Parks
540 2339 638 2407 vultu
655 2338 806 2421 stupenti
823 2338 1032 2421 obsequitur.

415 2437 485 2506 “Eo
500 2446 592 2507 certe
608 2460 676 2506 non
692 2438 873 2510 intrabitis,
900 2438 966 2507 mei
992 2437 1074 2507 Heri
1084 2437 1113 2506 !’'
1140 2437 1332 2508 obtestatur

330 2559 385 2607 me
402 2538 510 2607 Parks
524 2561 642 2608 ansam
658 2539 786 2608 forium
802 2544 988 2607 tenentem.

415 2638 643 2708 “Intrabimus
677 2639 789 2720 vero,'’
820 2638 986 2721 respondi,
1022 2639 1183 2722 foresque
1219 2637 1331 2722 pandi.

331 2737 457 2809 “Estne
473 2748 581 2808 -est
599 2793 606 2806 .
621 2740 650 2807 .”

413 2839 512 2908 “Non
528 2840 611 2921 est,’'
634 2840 826 2922 interpellat
842 2838 960 2921 Parks,
976 2838 1169 2909 divinando.
1194 2837 1333 2908 “Libiti-

329 2939 414 3008 narii
424 2941 584 3022 capulum
600 2941 801 3020 attulerunt,
813 2939 958 3008 cadaver
967 2939 1211 3022 imposuerunt,
1223 2945 1258 3008 et
1269 2938 1332 3008 hoc

330 3040 581 3123 postmeridiem
599 3041 632 3108 in
648 3041 821 3109 exedram¹
839 3040 1088 3109 dimoverunt.”

413 3156 540 3226 “Valde
554 3157 673 3240 placet.
697 3157 730 3225 N
732 3178 798 3225 unc
813 3163 938 3226 cuncta
953 3156 1084 3226 lumina
1106 3177 1248 3225 accensa
1273 3155 1331 3224 ha·

330 3257 410 3326 bere
427 3258 514 3337 volo,
529 3258 574 3325 mi
591 3257 709 3338 Parks,
724 3279 864 3340 prorsus
879 3264 918 3326 ut
933 3260 1075 3340 vespera
1090 3256 1281 3326 hesterna”

414 3374 521 3443 Parks
535 3396 639 3443 manu
655 3374 744 3443 intra
760 3374 898 3442 ianuam
919 3381 1075 3457 porrecta
1100 3372 1332 3443 deflectorium

328 3475 522 3544 electricum
537 3475 696 3543 advertit.
719 3474 809 3542 Tum
825 3474 1011 3556 discedens,
1025 3474 1083 3544 sed
1098 3477 1190 3544 cerd²
1204 3474 1330 3544 iterum

431 3696 454 3746 1.
473 3683 600 3754 Exedra,
622 3708 666 3753 ·ae,
683 3699 725 3746 est
750 3693 905 3746 cubiculum
929 3694 1047 3759 emplius
1071 3699 1099 3746 et
1125 3693 1258 3753 ornatius,
1284 3691 1330 3744 ubi

330 3778 487 3844 peregrinos
498 3777 655 3842 excipimus,
668 3783 715 3829 aut
729 3776 776 3828 ubi
791 3777 897 3829 familie
910 3783 1106 3843 congregatum
1123 3776 1231 3829 diversa
1242 3781 1284 3829 est
1296 3774 1331 3828 ab

329 3876 396 3922 (τοο,
413 3864 482 3922 (uo,
493 3860 531 3921 ·i)
543 3861 589 3925 qui
604 3861 674 3912 ostio
688 3861 834 3925 contiguus
846 3868 896 3913 est.

430 3947 453 3997 Ζ
473 3943 558 4003 Cera,
574 3959 618 4004 ·oe,
635 3951 675 3996 est
688 3944 828 3996 candelae
841 3944 1079 4008 cemtenuisqut
1093 3943 1230 4010 lampades
1246 3942 1331 3996 altius

329 4028 479 4095 pendentes
491 4027 687 4080 succendimus
