3150 5468
346 1215 410 1284 218
614 1230 824 1285 uusrnunm
847 1231 955 1285 auen
976 1225 1096 1284 noum

345 1397 433 1468 Satis
448 1420 618 1482 superque
644 1399 878 1469 concitationis
904 1399 1034 1483 experti
1062 1421 1182 1470 sumus
1204 1399 1239 1468 in
1265 1421 1350 1482 prae·

345 1499 454 1568 sentia
469 1499 649 1568 dumtaxat
664 1536 704 1544 -
718 1522 831 1569 nonne
846 1508 947 1583 putas
956 1500 993 1568 Y’

429 1598 524 1682 “Ego
538 1607 630 1669 certe
646 1600 758 1682 satis,'’
774 1622 932 1669 assensus
947 1600 1113 1683 respondi,
1142 1608 1350 1683 secutusque

345 1721 425 1769 eum
441 1722 518 1770 sum
533 1722 594 1784 per
609 1700 777 1770 ambitum
793 1701 835 1770 ad
847 1701 929 1771 alios
940 1701 1079 1783 gradus,
1092 1709 1167 1770 tum
1179 1701 1349 1782 deorsum,

345 1800 492 1883 denique
507 1801 600 1870 foras
615 1823 676 1883 per
690 1802 902 1872 lavatrinam.

417 1900 511 1983 “Ast,
521 1900 682 1984 Godney,
692 1902 848 1984 quisnam
856 1902 910 1970 ille
920 1902 1020 1970 homo
1032 1903 1125 1972 est?''
1136 1902 1277 1984 quaesivi
1288 1902 1350 1972 ite·

345 2023 433 2070 rum.
456 2000 545 2070 “Cur
560 2002 654 2070 illum
669 2002 836 2070 misellum
853 2024 957 2084 supra
972 2002 1117 2071 occidit?
1132 2003 1282 2072 Cumam
1295 2024 1348 2071 oc·

344 2101 426 2171 cidit
448 2101 577 2170 Drouet
593 2109 628 2171 et
644 2102 817 2171 Vantine?
851 2103 1008 2184 Quonam
1033 2103 1134 2173 modo
1157 2103 1350 2185 penetravit

345 2201 435 2271 aedes
450 2201 619 2271 Vantine?
641 2202 730 2284 Quid
747 2203 948 2271 haecomnia
965 2203 1027 2271 sibi
1042 2204 1164 2272 volunt
1171 2204 1206 2273 ?'’

428 2301 509 2383 “A,”
527 2303 699 2384 respondit
713 2303 776 2384 ilie,
793 2303 859 2371 leni
882 2303 950 2371 risu
976 2325 1030 2371 me
1055 2305 1239 2385 contuitus,
1262 2302 1347 2372 “ista

344 2403 417 2486 ipsa
432 2410 483 2471 est
498 2403 694 2484 quaestionis
720 2425 853 2472 summa
868 2403 1010 2472 -circa
1036 2404 1118 2486 quid
1138 2404 1210 2473 haec
1232 2404 1346 2472 omnia

344 2503 543 2572 versentur!
580 2503 709 2572 Verum
726 2503 807 2584 haec,
823 2526 914 2572 nunc
930 2504 964 2571 in
980 2504 1046 2586 via,
1073 2504 1164 2573 haud
1189 2504 1346 2573 dirimere

345 2625 534 2685 possumus.
558 2603 731 2672 Praeterea
756 2612 791 2672 et
818 2605 939 2672 vellem
966 2611 1089 2672 cuncta
1113 2604 1185 2673 haec
1211 2625 1346 2672 mecum

344 2726 405 2786 per
420 2704 569 2786 quietem
586 2712 754 2786 reputare,
770 2704 816 2771 mi
833 2704 962 2785 Lester,
977 2712 1012 2773 et
1027 2712 1061 2773 te
1077 2704 1111 2773 id
1137 2704 1346 2787 perpendere

344 2805 431 2873 volo.
448 2804 598 2885 Interim,
613 2804 641 2872 si
656 2826 716 2886 per
731 2805 838 2872 otium
855 2805 998 2885 licuerit,
1014 2804 1078 2873 hac
1093 2825 1236 2887 vespera
1251 2804 1294 2873 ad
1311 2812 1345 2874 te

344 2904 531 2985 decurram,
547 2912 629 2974 tunc
645 2904 757 2973 licebit
773 2912 885 2973 totum
900 2905 933 2973 id
949 2912 1168 2986 pertractare.
1185 2904 1267 2973 Idne
1283 2903 1347 2973 tibi

345 3005 490 3088 placebit
499 3005 536 3072 ?''

428 3104 510 3174 “Vel
536 3105 713 3186 maxime,”
740 3105 905 3186 respondi,
937 3104 1018 3187 “per
1048 3105 1198 3175 Deorum
1228 3113 1344 3175 tamen

342 3204 445 3274 fidem
460 3206 578 3274 fallere
593 3227 648 3274 me
663 3206 798 3274 nolito.’'

689 3621 988 3842 Ψ
