3150 5468
326 1176 387 1245 182
585 1192 793 1246 ursmnnrn
816 1192 924 1246 nucis
946 1187 1068 1245 soum

325 1359 482 1430 Matrona
496 1359 538 1429 de
561 1360 761 1444 Montespan
786 1369 905 1444 parata
931 1368 1030 1441 esset,
1057 1360 1174 1428 forulo
1200 1359 1333 1428 occulto

327 1459 447 1541 utique
461 1482 529 1528 non
545 1461 750 1540 carituram;
773 1469 818 1541 et,
834 1461 995 1543 quoniam
1021 1460 1094 1528 haec
1121 1458 1332 1541 temporibus

327 1558 528 1641 Brinvillier‚
544 1567 650 1642 atque
666 1561 715 1628 La
730 1561 846 1630 Voisin
863 1560 976 1641 fiebat,
992 1559 1073 1642 quid
1100 1559 1210 1640 magis
1232 1557 1332 1626 mori·

327 1658 392 1728 bus
407 1659 448 1727 iis
461 1667 728 1729 consentaneum
743 1682 816 1729 esse
832 1668 976 1743 poterat,
992 1681 1096 1742 quam
1112 1658 1202 1741 quod
1219 1657 1332 1740 praesi·

328 1759 383 1828 dio
400 1759 658 1828 machinationis
673 1782 854 1829 venenosae
867 1760 1102 1829 muniretur‘l”

411 1892 522 1973 “Quid
533 1894 685 1975 profecto
694 1894 735 1962 iis
744 1894 895 1963 moribus
905 1894 1015 1976 magis
1026 1891 1331 1962 consentancum?'’

329 1993 453 2075 repetit
477 1994 642 2062 salutator
666 2015 773 2074 meus,
800 1994 882 2062 dum
909 2016 973 2076 ego
999 2015 1078 2061 eum
1094 1993 1212 2061 maiori
1228 1992 1331 2060 etiam

329 2093 405 2162 nisu
422 2115 505 2175 erga
521 2115 575 2161 me
591 2094 674 2161 ferri
690 2116 732 2162 ex
748 2094 853 2162 oculis
878 2094 952 2162 eius
977 2093 1085 2161 videri
1111 2114 1209 2175 posse
1235 2098 1333 2174 puta·

328 2194 417 2262 bam.
440 2192 685 2263 “Ratiocinaris
701 2194 838 2276 optimc,
853 2194 900 2261 mi
916 2194 1006 2262 Here
1023 2193 1172 2262 Lester.”

415 2325 661 2395 “Ratiocinatio
688 2327 792 2408 haec‚’'
820 2327 921 2396 retuli
937 2349 1011 2409 ego
1036 2326 1185 2396 “statum
1209 2347 1335 2406 rerum,

332 2426 424 2495 haud
440 2426 539 2494 aliter
553 2426 780 2508 perspicuum,
796 2427 967 2496 declarare
982 2427 1128 2496 videtur.
1161 2426 1259 2496 Adde
1285 2434 1335 2494 et·

333 2526 400 2594 iam
414 2525 504 2608 quod
521 2528 675 2594 novitate
691 2527 739 2595 rei
755 2527 931 2595 delectat.’'

415 2658 502 2729 “Res
531 2659 597 2728 ista
622 2668 714 2728 certe
740 2659 875 2729 insueta
900 2661 983 2742 est,”
1010 2659 1110 2728 avide
1135 2658 1331 2738 assentitur,

330 2767 485 2841 aestuoue
503 2759 605 2827 animi
622 2760 708 2827 oculi
725 2760 798 2828 eius
813 2783 876 2829 ceu
899 2761 1045 2842 geminae
1068 2780 1188 2842 prunae
1212 2757 1334 2826 cande-

330 2860 423 2928 bant.
450 2858 545 2941 “Ego
559 2881 641 2928 vero
657 2859 735 2928 inde
751 2882 771 2927 a
787 2861 919 2928 tenellis
944 2860 1170 2942 unguiculis,’'
1196 2857 1335 2927 subiun-

330 2960 391 3040 git,
407 2981 515 3042 quum
530 2959 694 3028 intuitum
709 2982 824 3029 meum
841 2960 1138 3040 animadverteret,
1165 2957 1294 3027 “admit
1317 3000 1329 3010 -

334 3060 425 3127 tione
441 3059 630 3140 mysteriosi
647 3060 756 3127 omnis
770 3061 921 3128 tenebar.
949 3060 1088 3128 Fabulae
1102 3060 1144 3128 de
1160 3058 1262 3127 rebus
1280 2979 1322 3126 dc

332 3159 433 3228 cultis
448 3159 518 3227 vim
534 3159 568 3226 in
584 3181 639 3227 me
655 3168 827 3241 exserunt,
844 3181 947 3241 quam
975 3159 1145 3228 declarare
1171 3179 1239 3226 non
1262 3179 1336 3240 pos

333 3281 427 3339 sum;
459 3257 585 3340 aliquid
616 3259 698 3327 mihi
730 3259 763 3326 in
794 3260 960 3340 sanguine
990 3260 1083 3339 latet,
1113 3257 1204 3340 quod
1234 3257 1336 3326 nutui

334 3380 452 3427 earum
468 3358 691 3439 obtemperat.
707 3358 856 3426 Subinde
872 3359 1059 3440 persuadeo
1075 3357 1155 3426 mihi
1169 3356 1335 3439 optimum

334 3458 482 3541 potuisse
509 3458 756 3539 speculatorem
781 3480 836 3526 me
860 3458 1007 3526 evasisse
1033 3493 1074 3502 —
1090 3465 1151 3526 aut
1167 3456 1336 3538 insignem

335 3559 599 3627 malefactorem.
616 3557 705 3626 Loco
721 3558 843 3626 horum
859 3566 1027 3627 mercator
1041 3565 1178 3626 tantum
1194 3578 1270 3625 sum
1286 3577 1336 3624 re·

333 3680 409 3727 rum
424 3658 644 3727 curiosarum.
662 3658 748 3726 Hinc
764 3658 931 3740 intelliges
946 3680 1051 3740 quare
1067 3657 1217 3726 historiis
1232 3656 1335 3725 huius

246 3814 250 3822 .
335 3758 470 3841 generis
486 3757 627 3826 insolitis
641 3758 725 3826 adeo
741 3758 883 3840 capiar.”

417 3891 644 3961 “Adiumento
658 3893 753 3960 nobis
768 3893 913 3960 fortasse
928 3891 1000 3959 fieri
1027 3891 1183 3973 poteris,”
1210 3889 1336 3958 suadeo

335 3993 392 4073 illi,
408 3991 543 4061 “meum
560 3993 649 4061 enim
665 3992 838 4059 theorema
860 3991 996 4059 omnino
1021 3992 1212 4060 refutatum
1236 3990 1336 4059 fuit.”

420 4107 670 4176 “Refutatum?
694 4107 848 4188 Quonam
865 4107 965 4175 modo
975 4106 1010 4175 ?'’
1028 4106 1161 4188 quaerit.

423 4224 589 4292 “Forulos
604 4225 756 4292 occultus
773 4231 927 4305 repertus
941 4231 992 4291 est
1009 4277 1016 4290 .
1033 4276 1040 4290 .
1058 4223 1087 4290 .'’

421 4357 530 4436 “Quid
541 4356 576 4423 ?'’
592 4358 715 4424 clamat
731 4379 814 4424 voce
830 4378 901 4438 prae
916 4365 1054 4438 stupore
1069 4364 1179 4425 acuta.
1194 4354 1338 4438 “Reper-

340 4457 420 4527 tus?
443 4457 587 4525 Forulus
602 4459 753 4526 occultus
768 4457 837 4526 fuit
852 4464 1008 4539 repertus
1016 4456 1052 4525 ?’'
