3150 5468
611 1263 788 1320 nonnoni
809 1262 951 1320 vmu
1222 1246 1285 1321 15³

365 1427 447 1500 “Est
462 1430 589 1514 aliquid
606 1430 640 1500 in
656 1433 757 1502 vultu
775 1431 866 1516 quod
881 1431 964 1502 mihi
987 1431 1102 1502 minus
1126 1432 1285 1517 ignotum

280 1528 448 1612 videtur,”
469 1531 518 1600 ait
532 1531 689 1614 denique,
706 1531 793 1602 “acsi
810 1532 982 1603 hominem
997 1531 1169 1616 quondam
1183 1533 1286 1605 alicu·

283 1629 315 1699 bi
331 1630 524 1701 vidissem.”

363 1729 424 1800 “ln
438 1730 530 1813 novi,
545 1731 723 1813 fortasse,”
739 1731 829 1802 suasi
845 1754 920 1816 ego,
936 1732 1095 1816 quamvis
1108 1732 1213 1817 probe
1228 1754 1288 1804 no·

281 1830 388 1900 verim
404 1830 438 1900 id
452 1831 487 1900 in
502 1831 583 1900 navi
597 1853 665 1901 non
680 1832 872 1916 contigisse,
883 1832 1050 1916 siquidem
1064 1832 1118 1903 hic
1133 1833 1168 1903 in
1183 1833 1287 1904 inter·

283 1930 392 2014 stegio
407 1931 538 2000 iocatus
552 1932 685 2002 fuisset

365 2029 488 2099 “Haud
502 2032 568 2111 ita;
590 2032 707 2101 nonin
723 2032 813 2102 navi.
835 2031 986 2102 Casterid
1010 2037 1087 2104 rned
1107 2054 1285 2118 nunquam

284 2151 360 2199 sum
376 2151 522 2213 egressa.
545 2131 589 2200 Et
604 2139 719 2201 tamen
735 2139 827 2202 certe
842 2132 980 2202 memini
1002 2155 1083 2202 eum
1098 2132 1223 2203 vidisse
1246 2169 1281 2180 -

284 2238 321 2298 at
336 2251 419 2299 vero
432 2231 502 2312 ubi,
518 2231 628 2301 dicere
643 2253 711 2301 non
728 2233 846 2315 queo.”
859 2231 1012 2315 “Forte'’
1028 2232 1195 2303 submissa
1208 2255 1287 2318 sup·

281 2329 369 2412 pessi
400 2352 493 2412 voce,
525 2331 667 2415 “aliquis
695 2333 882 2402 amicorum
911 2332 1025 2402 mariti
1051 2333 1103 2402 tui
1129 2355 1204 2404 esse
1230 2354 1287 2418 po·

287 2432 409 2500 rerat.”

365 2531 441 2599 Non
459 2553 514 2600 me
529 2533 718 2615 praeterivit
733 2553 874 2603 manum
890 2531 964 2602 eius
978 2532 1041 2602 hoc
1066 2533 1138 2603 ictu
1164 2539 1287 2604 treme-

283 2652 330 2711 re,
345 2631 403 2700 sed
420 2631 526 2700 ictum
543 2632 634 2702 hunc
658 2632 885 2703 emittendum
909 2633 1035 2703 censui.
1069 2633 1145 2717 lpse
1171 2641 1286 2705 tamen

282 2731 363 2800 forti
380 2732 459 2800 tulit
473 2733 596 2801 animo.

365 2831 513 2901 “Eadem
538 2833 709 2915 cogitatio,
734 2832 824 2903 Here
849 2833 978 2917 lester,
1008 2855 1123 2903 meum
1149 2855 1286 2919 quoque

280 2932 434 3002 animum
450 2933 585 3015 subiit,”
609 2933 780 3017 respondit
802 2934 884 3017 ipsa,
907 2933 1051 3004 “verum
1076 2955 1141 3017 ego
1164 2933 1286 3006 emico-

280 3055 357 3103 rum
373 3034 485 3103 mariti
509 3034 573 3103 mei
591 3034 810 3117 paucissimos
834 3033 933 3114 novi;
955 3041 1048 3103 certe
1072 3055 1140 3103 non
1167 3035 1284 3105 istum.

283 3133 326 3203 Et
342 3143 456 3203 tamen
473 3170 514 3180 -
545 3188 552 3202 .
571 3188 578 3202 .
596 3188 603 3203 .
619 3134 653 3204 Si
669 3155 738 3217 quo
752 3156 834 3203 casu
849 3134 970 3203 ancilla
984 3134 1082 3204 nobis
1102 3133 1285 3206 subvenire

284 3235 428 3317 mmet„

365 3334 521 3417 Effigiem
538 3355 640 3403 manu
658 3334 774 3403 ferens
787 3334 946 3404 conclave
961 3333 1114 3417 ingressa
1128 3340 1191 3404 est.
1216 3334 1286 3405 An·

281 3435 356 3504 cilia
371 3435 405 3503 in
421 3435 512 3515 sella,
528 3434 585 3502 ubi
612 3456 687 3502 eam
709 3433 964 3516 reliqueramus,
990 3455 1099 3517 usque
1124 3432 1284 3516 sedeone

282 3557 404 3604 manus
428 3556 501 3604 suae
524 3535 557 3603 in
587 3534 717 3617 gremio
742 3541 835 3603 arcte
856 3541 955 3603 erant
969 3533 1171 3616 constricte,
1187 3533 1285 3618 queri

281 3636 429 3705 maximo
445 3636 553 3705 solum
575 3642 700 3704 conatu
717 3656 753 3703 se
768 3634 989 3717 compositam
1015 3633 1188 3704 continere
1211 3654 1286 3719 pos·

282 3743 345 3804 set.

365 3834 503 3916 “lulio''
518 3835 648 3904 affatur
662 3856 738 3904 earn
756 3840 912 3904 matrona
927 3835 1042 3904 velate
1055 3834 1156 3905 celeri
1181 3833 1286 3905 Fran·

281 3934 426 4016 cicitate,
452 3935 526 4003 “hic
542 3943 642 4005 teneo
655 3934 803 4017 effigiem
825 3933 1012 4015 cuiusdam,
1034 3934 1093 4017 qui
1108 3955 1220 4018 nuper
1232 3955 1285 4007 er·

279 4056 365 4105 eano
380 4036 528 4118 quodam
543 4036 643 4104 modo
658 4035 692 4104 in
708 4035 773 4104 isto
795 4035 946 4104 conclavi
971 4034 1101 4104 occisus
1124 4043 1186 4104 est
1212 4033 1284 4107 Vni

281 4134 327 4216 hi,
343 4135 488 4217 quisine
503 4135 620 4216 fuerit,
635 4134 797 4204 declarari
819 4136 973 4217 eupiunt.
996 4133 1123 4204 Vultus
1136 4134 1211 4204 eius
1224 4132 1285 4204 mi·

281 4236 315 4306 hi
342 4235 590 4319 quodammodo
615 4243 719 4304 notus
742 4235 889 4316 videtur,
913 4255 1033 4304 verum
1055 4233 1212 4303 dirimere
1227 4254 1285 4304 ne·

281 4357 380 4419 queo.
396 4335 515 4416 Cerne,
531 4335 683 4404 amabo.”

364 4436 449 4505 lulio
465 4436 635 4518 protendit
650 4437 830 4504 tremulam
848 4455 999 4515 manum,
1024 4432 1153 4517 accepit
1178 4431 1284 4517 effigi·

280 4536 382 4620 piem,
397 4537 545 4620 aspexit3
568 4545 643 4607 tum
656 4535 801 4620 suspirio
826 4534 1036 4617 longiusculo
1052 4534 1087 4603 in
1102 4533 1212 4604 solum
1227 4553 1285 4604 ex·
