3150 5468
286 1171 308 1239 6
560 1187 769 1241 ursusmrm
790 1188 899 1241 Anum
921 1181 1040 1241 nourr

372 1353 471 1424 “Non
487 1361 580 1436 erat;
602 1354 776 1425 enimvero
799 1377 861 1438 per
876 1363 929 1426 tot
943 1377 1052 1425 annos
1072 1377 1202 1426 merces
1233 1356 1294 1425 im·

287 1461 423 1536 portare
447 1454 619 1537 consuevi,
636 1461 675 1524 ut
690 1454 912 1537 portitoribus
934 1455 1017 1526 satis
1040 1461 1211 1526 constaret
1238 1477 1294 1525 me

286 1553 402 1623 furem
416 1553 509 1623 haud
525 1554 629 1624 esse.'’

371 1669 474 1740 “Haec
489 1671 643 1754 profecto
658 1671 733 1740 laus
748 1672 831 1753 est,''
847 1671 1011 1742 subnecto
1026 1694 1100 1756 ego.
1134 1671 1217 1742 “His
1244 1680 1294 1742 ta-

285 1791 365 1839 men
380 1769 589 1852 temporibus
609 1769 677 1839 iam
695 1777 820 1841 cuncta
843 1778 1005 1842 evertunt
1019 1779 1056 1842 et
1070 1773 1293 1843 eviscerant.''

370 1885 547 1955 “Fortasse
562 1885 684 1957 indicio
698 1887 775 1970 acti,
791 1895 830 1957 ut
844 1888 1004 1972 suspicor.
1022 1889 1117 1958 Intra
1127 1888 1157 1957 !''
1178 1889 1293 1972 pulsui

285 1985 320 2054 in
336 1986 468 2055 foribus
489 1987 705 2069 respondens.

370 2087 513 2156 Foribus
527 2087 664 2169 apertis,
679 2087 886 2171 pedisequus
900 2088 1048 2158 Vantine
1063 2089 1180 2158 intrat.

368 2185 459 2268 “Vir,
475 2187 521 2255 mi
533 2186 636 2269 Here,
651 2194 686 2256 te
700 2187 883 2257 convenire
897 2188 1024 2272 cupit,'’
1035 2189 1084 2258 ait
1098 2189 1163 2271 ille,
1179 2190 1293 2272 pagel-

284 2285 419 2368 lamque
435 2287 745 2357 nomenclatoriaml
767 2287 850 2356 hero
865 2288 1018 2371 porrigit.

368 2386 515 2456 Vantine
530 2387 698 2469 pagellam
712 2387 843 2458 iucurie
858 2395 1051 2459 contuetur.

369 2485 468 2556 “Non
483 2487 562 2556 novi
577 2487 689 2569 eum,”
704 2487 827 2571 inquit,
843 2486 968 2558 “miror
982 2488 1065 2571 quid
1079 2489 1134 2558 ille
1150 2491 1264 2559 velit.'’

369 2603 578 2673 “Convenire
593 2610 628 2673 te
643 2605 729 2686 vult,
754 2605 801 2673 mi
817 2605 918 2687 Here,
933 2613 968 2674 et
984 2605 1168 2675 admodum
1194 2608 1292 2690 quid-

284 2724 348 2783 em,
373 2711 413 2772 ut
438 2704 567 2786 paret.’'

368 2802 580 2886 “Quamnam
598 2803 642 2872 ob
656 2826 729 2873 rem
738 2804 775 2873 ?'’

368 2903 556 2986 “Eouidem
585 2904 761 2986 rationem,
788 2905 834 2973 mi
861 2905 961 2987 llere,
992 2906 1111 2975 elicere
1141 2908 1292 2990 nequivi,

283 3004 342 3072 sed
358 3025 431 3073 rem
446 3026 570 3087 urgere
585 3003 771 3073 existimo.”

368 3102 543 3187 “Nequisti
579 3103 724 3174 elicere?
747 3104 913 3188 Quonam,
952 3105 1069 3187 Parks,
1107 3106 1180 3176 haec
1217 3115 1291 3178 ten·

283 3203 371 3272 dunt
380 3203 416 3272 ?'’

367 3302 568 3372 “Hominem
582 3326 662 3373 eum
685 3305 854 3374 Francum
877 3327 951 3375 esse
973 3328 1103 3388 censeo,
1126 3308 1186 3377 sed
1208 3315 1291 3378 utut

281 3424 337 3472 res
350 3403 404 3484 sit,
420 3403 561 3485 Anglice
575 3425 643 3472 non
658 3404 741 3474 satis
755 3406 862 3474 callet.
872 3406 1023 3488 Aspectu
1037 3406 1129 3476 haud
1141 3407 1290 3477 multum

283 3503 405 3585 prodit,
420 3503 467 3571 mi
482 3502 572 3572 Here
587 3539 627 3548 -
642 3511 804 3574 centenos
818 3505 892 3575 eius
906 3505 1031 3575 similes
1045 3506 1195 3576 Lutetiae
1209 3515 1291 3577 ante

281 3602 451 3671 caffarias²
466 3603 750 3673 circumsedentes
764 3626 826 3687 per
842 3605 1034 3687 platearum
1058 3606 1292 3689 longitudines

281 3702 398 3772 videre
414 3702 571 3784 solebam
586 3703 630 3772 ad
641 3703 869 3774 hauriendum
883 3705 1046 3788 cyathum
1061 3707 1160 3776 cami³
1176 3713 1289 3776 totum

282 3802 493 3872 insumentes
508 3811 645 3886 tempus
660 3805 966 3886 pomeridianum.”

367 3902 501 3986 Aliquid
524 3903 559 3971 in
581 3910 731 3972 mentem
746 3904 894 3974 Vantine
917 3905 1074 3975 incidisse
1097 3905 1289 3988 videbatur,

281 4002 476 4085 iterumque
497 4002 653 4072 intuetur
674 4005 851 4086 pagellam.
867 4005 957 4074 'lum
974 4005 1239 4092 meditabundus
1253 4006 1288 4075 in

282 4123 435 4170 mensam
451 4103 618 4186 deposuit.

385 4305 407 4355 l.
426 4304 585 4356 Chortulam
600 4304 768 4370 quadratam,
783 4321 884 4357 nomen
897 4305 1013 4359 advene
1026 4307 1171 4358 ferentem.

383 4390 406 4440 2.
423 4388 571 4448 Tabernas,
585 4387 633 4439 ubi
646 4385 733 4452 saffo,
754 4388 888 4441 Arabibus
901 4386 1005 4451 cabaa,
1027 4389 1192 4442 sorbillatur.

385 4473 409 4523 3.
428 4472 517 4536 Vulgo
535 4468 694 4522 cerevisiae.
