3150 5468
500 1293 740 1348 muscanea
755 1293 975 1348 sarnanum
1179 1277 1242 1347 189

325 1461 424 1544 “Ipsa
439 1484 506 1530 non
523 1462 622 1530 modo
638 1461 672 1531 id
686 1463 779 1531 fassa
793 1463 877 1544 est,”
892 1462 1000 1531 refert
1015 1461 1166 1544 Godfrey
1192 1469 1241 1531 et·

241 1563 308 1631 iarn
325 1562 434 1642 magis
458 1563 674 1644 compositus,
700 1562 843 1632 “verum
873 1571 908 1632 et
933 1562 1067 1645 singula
1092 1562 1246 1632 narravit

241 1662 323 1745 quid
341 1684 381 1731 co
397 1671 549 1745 tempore
565 1671 703 1745 gestum
719 1663 873 1732 fuisset.'’

325 1779 461 1849 “Fassio
477 1780 540 1849 ista
556 1781 676 1863 utique
693 1780 754 1849 tibi
769 1781 829 1849 soli
845 1782 939 1850 facta
954 1788 1005 1850 est
1015 1780 1051 1849 ?''
1067 1802 1150 1850 voce
1164 1801 1243 1850 con-

240 1881 329 1949 sulto
344 1879 528 1949 ludibriosa
544 1881 666 1962 quaerit
689 1880 909 1962 Goldberger.

323 1980 474 2062 Godfrey
491 1981 604 2049 verbis
613 1981 665 2049 his
679 1981 893 2063 aliquantum
906 1980 1116 2063 rubescebat,
1128 1989 1244 2053 tamen

250 2080 352 2163 probe
368 2081 430 2149 sibi
447 2081 660 2162 temperavit.

326 2195 485 2265 “Minime
501 2198 614 2278 vero‚”
645 2197 765 2279 inquit.
789 2197 930 2267 “Coram
946 2198 1029 2266 hero
1045 2198 1174 2280 Lester,
1188 2207 1241 2269 at·

242 2319 309 2378 oue
325 2297 390 2365 alio
404 2297 575 2378 spectabili
592 2297 784 2379 iurisperito
800 2297 832 2366 id
848 2298 973 2378 evenit,
999 2298 1097 2367 cuius
1116 2320 1239 2369 nomen

250 2398 428 2465 enuntiare
445 2397 499 2464 fas
515 2396 596 2465 mihi
613 2419 680 2465 non
696 2398 781 2465 est.''

329 2496 536 2578 Goldberger
562 2497 625 2564 sibi
650 2497 776 2579 aliquid
803 2497 837 2565 in
864 2497 964 2567 fauce
986 2497 1116 2567 haerere
1131 2499 1246 2583 sensit,

249 2596 316 2664 acsi
340 2597 472 2677 alapam
498 2597 690 2679 accepisset.
717 2597 816 2666 Certe
846 2597 991 2679 idgenus
1021 2599 1103 2681 quid
1133 2601 1247 2682 sensit,

247 2719 308 2765 nec
330 2718 479 2764 asserere
495 2696 614 2765 dubito
630 2697 703 2765 iure
719 2697 766 2765 ita
782 2697 924 2766 sensisse
940 2700 1037 2780 quasi
1052 2700 1247 2782 accepisset!

334 2813 447 2881 “Num
464 2813 528 2881 ista
544 2814 664 2882 mulier
679 2815 753 2883 Neo
768 2814 908 2883 Eboraci
925 2816 1022 2884 est?”

326 2912 401 2981 “lta
415 2913 546 2981 credo.'’

329 3013 519 3095 “Quidnam
536 3022 689 3095 vocatur,
705 3021 740 3082 et
756 3014 812 3082 ubi
829 3014 1002 3086 habitatu

328 3114 414 3181 “Fas
429 3135 496 3180 non
513 3113 599 3182 duco
615 3114 849 3196 respondere.”

329 3213 538 3294 Goldberger
552 3222 692 3296 stupens
707 3236 786 3283 eum
802 3223 995 3284 contuetur.

328 3313 441 3381 “Faxo
458 3322 498 3382 ut
514 3315 748 3395 respondeas‚”
766 3315 871 3395 vagit,
889 3315 1058 3398 “alioquin
1086 3317 1129 3384 ob
1154 3339 1245 3399 spre-

244 3424 312 3481 tam
330 3417 459 3481 curiam
477 3414 509 3480 in
527 3415 664 3482 vincula
680 3424 715 3482 te
730 3415 937 3482 coniiciam.”

327 3514 478 3594 Godlrey
495 3513 632 3582 minime
647 3523 699 3582 est
716 3523 840 3583 motus,

328 3629 483 3697 “Feceris
498 3638 538 3697 ut
553 3631 676 3711 voles,'’
693 3631 800 3699 refert
816 3631 1003 3700 subridens.
1037 3631 1123 3701 “Per
1138 3654 1192 3700 me
1208 3632 1245 3700 li·

244 3730 342 3798 cebit.
365 3730 441 3798 'luo
457 3739 571 3797 tamen
595 3731 628 3798 in
654 3732 724 3798 loco
750 3753 820 3799 rem
846 3731 1098 3813 perpenderem.
1135 3731 1248 3800 Herus

246 3829 364 3897 Lestcr
379 3829 591 3898 confirmabit
608 3830 782 3899 mulierem
800 3832 892 3899 nullo
917 3831 1017 3899 modo
1043 3833 1076 3898 in
1103 3839 1246 3900 mortem

245 3929 315 3998 sive
333 3931 472 4010 Drouct‚
488 3931 559 3998 sive
576 3931 722 4000 Vantidc
739 3931 942 4013 implicatam
960 3931 1096 4000 fuisse.”

329 4047 537 4127 Goldberuer
552 4048 705 4128 profecto
722 4048 918 4130 perpendit;
941 4048 1128 4130 periculum
1151 4049 1247 4130 puni-

246 4168 281 4214 re
298 4147 451 4214 tentandi
469 4147 629 4215 diurnum
647 4156 753 4216 tantae
768 4148 980 4216 auctoritatis
996 4157 1034 4217 ut
1051 4150 1192 4227 Itocord,
1208 4170 1247 4217 ac

246 4268 345 4328 porro
361 4248 541 4315 tassionem
559 4248 709 4328 Goofrey
725 4247 758 4315 in
771 4247 1017 4316 attenuandam
1027 4248 1099 4316 cius
1110 4270 1246 4329 respon-

244 4346 345 4415 dendi
362 4349 577 4428 negationem
594 4348 740 4430 denique
756 4348 985 4430 accipiendam
1002 4349 1173 4417 iudicavit.

328 4464 420 4533 “Hoc
437 4487 544 4533 unum
562 4473 696 4534 tantum
711 4473 762 4533 cst
788 4465 1042 4546 particularium
1067 4467 1157 4549 quod
1182 4465 1246 4535 De·

245 4565 371 4634 lecturo
388 4564 502 4648 Grady
517 4565 718 4646 fefellerat,”
734 4565 886 4635 suaviter
897 4565 1073 4649 subiungit
1084 4565 1246 4649 Godtrey.
