3150 5468
350 1224 412 1295 158
611 1242 822 1296 ursmarum
843 1241 952 1295 arten
972 1235 1091 1296 nouus

346 1409 469 1491 puella,
485 1409 576 1480 unde
592 1431 657 1492 ego
671 1409 858 1478 coniectavi
870 1410 1017 1492 puellam
1028 1408 1070 1478 de
1082 1430 1118 1478 se
1128 1408 1239 1492 magis
1249 1429 1353 1491 quam

346 1509 389 1577 de
404 1509 512 1578 amico
527 1509 706 1578 sollicitari.
723 1510 825 1578 Herae
840 1531 977 1592 quoque
992 1509 1082 1578 idem
1098 1509 1282 1579 occurrisse
1297 1528 1354 1576 ve-

346 1608 490 1678 rosimile
504 1616 588 1691 erat,
603 1631 684 1678 nam
700 1631 767 1679 vox
782 1609 855 1679 eius
870 1610 1020 1693 asperior
1034 1609 1108 1679 fieri
1123 1609 1236 1692 coepit.

430 1724 562 1795 “Tenta
576 1726 708 1808 modo,”
729 1726 912 1808 respondit.
935 1725 1024 1795 “Fac
1048 1724 1153 1808 probe
1179 1725 1351 1794 intellexe-

345 1824 401 1906 ris,
415 1826 596 1896 latendum
612 1827 673 1896 tibi
689 1848 765 1896 esse
784 1861 817 1870 -
837 1826 863 1895 si
879 1826 933 1895 hic
948 1827 1072 1907 minus,
1086 1832 1162 1896 turn
1172 1846 1286 1894 coram
1301 1825 1353 1893 of-

345 1924 445 1994 ficiali
461 1925 623 1996 lictorio.'’

430 2041 522 2124 “Vae‚
544 2042 634 2112 absit
644 2042 672 2111 !”
702 2044 856 2113 clamitat
885 2043 978 2124 lulia,
1005 2042 1118 2112 subito
1143 2063 1179 2111 se
1206 2040 1351 2123 erigens.

346 2140 421 2210 “Dii
437 2143 594 2212 meliora!
609 2143 643 2212 id
659 2143 739 2212 viva
755 2166 822 2213 non
834 2142 1056 2213 sustinerem!
1072 2142 1163 2213 Hera
1174 2162 1351 2224 nunquam

346 2248 418 2311 tam
433 2243 524 2311 foret
538 2243 683 2312 crudelis
693 2243 722 2311 !”

431 2358 543 2442 “Ergo
558 2361 669 2430 fatere
683 2382 775 2430 nunc
784 2359 812 2428 !”
835 2359 977 2430 mandat
992 2366 1149 2429 matrona
1164 2359 1278 2428 velata
1291 2357 1352 2427 im·

348 2458 558 2529 misericoris.

431 2574 533 2645 “Esto
548 2585 587 2646 ut
603 2579 665 2658 vis,
682 2576 774 2647 Hera
784 2577 812 2646 !”
834 2577 959 2646 clamat
985 2577 1107 2661 puella,
1123 2576 1269 2646 mucinio
1285 2584 1351 2646 ter·

346 2675 452 2745 sitans
479 2677 603 2759 oculos,
633 2678 750 2759 lingua
772 2678 895 2759 locuta,
921 2700 1000 2760 quae
1030 2677 1153 2760 partim
1181 2677 1352 2758 Francica,

347 2776 470 2858 partim
485 2777 637 2859 Anglica,
652 2785 772 2860 utpote
787 2800 891 2860 quam
907 2778 1021 2848 minus
1035 2784 1192 2847 accurate
1204 2778 1351 2847 calleret.

345 2874 524 2945 “Narrabo
549 2900 633 2959 ergo
658 2878 794 2960 quando
818 2880 867 2947 ita
891 2880 944 2947 vis
965 2878 1087 2947 omnia.
1104 2878 1245 2960 Proprie
1260 2877 1351 2946 enim

347 2999 415 3045 non
431 2999 507 3046 mea
522 2978 592 3046 fuit
606 2979 715 3060 culpa.
739 2979 797 3047 llle
823 2979 852 3047 is
872 2978 950 3047 fuit.
973 2979 1052 3048 Non
1067 2977 1180 3047 amavi
1196 3013 1237 3023 -
1251 2977 1351 3046 timui

351 3097 441 3145 cum.
464 3077 638 3146 Potestate
665 3099 768 3160 super
782 3100 837 3147 me
862 3079 1019 3161 pollebat.
1051 3077 1193 3147 Efficere
1218 3084 1354 3160 poterat

346 3183 385 3246 ut
400 3179 515 3245 omnia
530 3185 711 3260 patrarem.
735 3178 810 3260 lpse
825 3180 930 3248 etiam
955 3177 1152 3248 verberavit
1177 3176 1247 3247 me!
1277 3177 1352 3259 Ego

346 3285 461 3346 tamen
476 3277 519 3346 ad
535 3299 615 3346 eum
631 3300 740 3360 usque
755 3278 865 3348 redivi
877 3278 905 3347 !'’

432 3377 518 3461 “Qui
534 3378 721 3448 vocabatur
730 3379 766 3448 ?”
781 3380 906 3462 quaerit
921 3387 1077 3449 matrona
1093 3379 1215 3449 velata

430 3495 646 3564 “Vocabatur
661 3496 831 3579 Georgius
846 3498 975 3567 Drouct
987 3533 1026 3542 -
1040 3496 1217 3566 habitabat
1231 3495 1296 3565 Via
1308 3494 1351 3564 (lc

347 3595 379 3664 la
395 3595 577 3677 Huchette,
593 3596 685 3665 haud
701 3598 818 3679 procul
833 3620 854 3666 a
869 3597 933 3666 Via
956 3596 1070 3666 Sancti
1093 3595 1204 3665 lacobi
1219 3631 1260 3640 -
1274 3616 1352 3664 con·

346 3696 535 3778 tignatione
551 3717 720 3778 suprema,
737 3697 770 3765 in
787 3696 990 3778 subteglino.
1017 3697 1092 3779 Ipse
1107 3717 1257 3779 nequam
1282 3694 1351 3764 fuit

345 3818 550 3878 —nequam
566 3796 634 3864 fuit
652 3833 688 3840 —
705 3819 724 3865 e
739 3804 873 3878 quaestu
889 3797 1071 3865 mulierum
1085 3795 1179 3864 vixit
1197 3795 1350 3865 Primum

346 3904 426 3965 ante
442 3919 501 3965 sex
516 3918 650 3965 menses
665 3919 744 3965 eum
758 3896 911 3965 conveni.
934 3896 1094 3966 Mulieres
1107 3897 1277 3965 fascinare
1291 3916 1350 3963 no

346 3996 417 4076 vit;
440 4019 519 4065 eum
535 4018 590 4065 me
605 3998 720 4078 magni
738 3997 852 4065 facere
869 3996 997 4079 putavi.
1021 3996 1106 4065 Dein
1128 3995 1307 4079 pecuniam
1328 4015 1349 4063 a

346 4119 401 4165 me
416 4104 573 4166 mutuam
590 4104 705 4179 petere
721 4096 855 4179 incepit,
871 4096 977 4166 donec
993 4119 1128 4166 omnem
1144 4117 1248 4181 quam
1262 4117 1352 4165 com·

346 4197 481 4279 parcavi
498 4197 629 4276 elicuit;
652 4204 727 4264 tum
752 4196 896 4265 annulos
921 4218 1015 4266 meos
1038 4233 1078 4241 -
1101 4217 1221 4266 omnes
1235 4203 1271 4265 et
1285 4195 1350 4264 sin·

346 4298 444 4379 gulos
454 4295 483 4363 !''
505 4296 653 4366 Sublatis
668 4303 742 4365 tum
759 4295 916 4365 manibus
930 4297 1116 4366 ostentavit
1141 4296 1267 4378 digitos
1291 4317 1350 4364 va·

346 4418 437 4466 coos.
462 4396 561 4465 “Mox
579 4450 586 4464 .
604 4450 611 4465 .
629 4397 658 4464 .”

423 4513 486 4584 Hic
502 4513 654 4583 substitit
669 4513 855 4596 heramque
871 4514 1071 4597 aspectavit.
