3128 5016
299 725 361 794 120
565 741 773 796 uxsranron
795 743 902 797 ancre
922 737 1042 798 soum

300 910 448 991 inspexit
463 910 625 991 singulos,
641 917 717 979 tum
732 916 859 993 magna
874 933 957 981 cura
972 912 1124 995 singulos
1138 913 1173 982 in
1188 911 1305 981 sellam

305 1008 470 1092 deposuit.
503 1009 782 1079 “Decernendum
798 1032 889 1080 nunc
904 1020 987 1090 puto
1013 1018 1132 1081 utrum
1154 1012 1229 1092 alia,
1255 1032 1307 1080 oc·

304 1109 406 1190 culta,
422 1110 531 1192 spatia
546 1111 600 1179 hic
617 1133 684 1178 non
701 1110 930 1192 delitescant,'’
946 1111 1004 1180 ait.

386 1227 476 1295 Tum
491 1249 686 1295 mensuram
712 1226 897 1296 eburneam
921 1228 1101 1311 plicatilem
1127 1249 1147 1297 e
1173 1228 1306 1297 sacculo

304 1326 472 1409 produxit,
488 1349 562 1394 earn
578 1327 749 1410 explicuit,
765 1349 1011 1410 mensurasque
1027 1336 1098 1396 tam
1108 1327 1260 1397 minutas
1271 1334 1306 1397 et

303 1427 477 1494 abstrusas
503 1427 537 1494 in
561 1448 679 1495 omnes
695 1436 809 1509 partes
831 1427 1009 1496 instituere
1033 1428 1146 1510 coepit,
1171 1435 1212 1497 ut
1232 1428 1306 1497 fere

304 1548 364 1609 per
379 1526 552 1594 dimidiam
568 1527 686 1595 horam
701 1527 834 1596 nullum
849 1529 994 1596 verbum
1018 1527 1186 1597 edidisset.
1220 1527 1305 1597 Dein

304 1626 403 1695 aliam
419 1626 569 1695 admovit
586 1627 701 1695 sellam
716 1635 751 1695 et
766 1627 862 1696 iuxta
878 1649 932 1696 me
947 1627 1108 1696 consedit.

387 1742 507 1812 “Certe
522 1743 556 1810 in
572 1744 734 1824 ambages
748 1743 905 1824 incurri,”
920 1744 1016 1812 fatur
1027 1743 1183 1827 denique,
1194 1742 1306 1827 “quod

302 1849 342 1911 ut
357 1843 520 1923 eveniret,
535 1843 664 1924 absque
680 1843 782 1911 dubio
807 1865 904 1913 mens
929 1843 1068 1912 artificis
1093 1843 1197 1913 huius
1218 1865 1307 1914 arcae

302 1943 381 2011 fuit.
403 1943 512 2010 Totus
527 1943 655 2011 fundus
671 1943 856 2026 scriptoriae
872 1944 1027 2012 occlusus
1040 1951 1103 2025 est,
1128 1943 1163 2012 hi
1189 1951 1306 2012 autem

303 2050 373 2111 tres
394 2043 497 2111 foruli
522 2043 685 2124 exiguum
712 2049 849 2111 tantum
872 2043 1020 2125 spatium
1044 2043 1191 2126 explent
1213 2043 1304 2113 Tum

304 2149 440 2224 tergum
456 2165 543 2211 arcae
558 2142 770 2224 geminatum
786 2165 858 2211 esse
881 2143 1018 2211 videtur
1034 2178 1075 2187 -
1089 2142 1125 2211 ni
1140 2143 1227 2225 plus,
1242 2150 1309 2212 est·

304 2264 371 2324 que
386 2243 451 2310 illic
468 2243 615 2324 spatium
631 2243 738 2311 trium
762 2242 958 2325 digitorum,
982 2243 1025 2312 de
1047 2265 1116 2326 quo
1141 2242 1307 2312 rationem

303 2343 445 2411 reddere
461 2365 603 2425 nequeo.
627 2344 688 2411 Est
704 2365 786 2425 ergo
801 2343 901 2412 facile
926 2343 1085 2412 credibile
1100 2343 1249 2426 spatium
1270 2342 1306 2412 il·

303 2443 343 2512 lic
359 2443 441 2511 satis
455 2443 617 2511 interesse
641 2444 745 2512 etiam
770 2443 935 2512 duodenis
960 2444 1082 2513 forulis
1106 2443 1258 2525 occultis,
1279 2443 1307 2513 si

307 2543 473 2611 Matronae
490 2543 531 2610 de
548 2544 748 2625 Montespan
765 2544 813 2611 ita
827 2544 940 2613 visum
956 2547 1010 2612 sit.
1023 2543 1124 2613 Nunc
1140 2565 1223 2613 vero
1238 2564 1311 2627 spe

303 2643 456 2711 culemur
473 2643 631 2712 technam
647 2643 751 2711 eius.”

388 2760 528 2828 Manum
544 2760 660 2841 itaque
677 2759 832 2828 dextram
851 2782 930 2829 cum
953 2760 1127 2843 chalybeio
1151 2761 1307 2830 manutio

304 2860 456 2939 inseruit,
472 2867 507 2927 ct
522 2868 601 2927 ante
617 2882 730 2928 arcam
745 2859 779 2927 in
795 2861 903 2928 solum
917 2860 1057 2929 desedit.

389 2975 440 3044 “A
455 2977 564 3044 fundo
580 2976 685 3057 igitur
700 2976 885 3057 exordiar‚”
909 2976 1031 3059 inquit.
1053 2976 1201 3059 “Siquod
1224 2998 1309 3060 prae

305 3075 452 3144 tenvero
468 3085 643 3159 punctum,
660 3076 751 3144 adid
767 3098 821 3145 me
838 3098 984 3157 revoces,
1006 3077 1140 3146 velim.”

398 3193 521 3273 Digitis
552 3193 622 3260 suis
655 3192 868 3274 superficiem
898 3214 1065 3262 aereorum
1094 3202 1309 3262 ornamento

306 3314 383 3361 rum
399 3293 524 3374 pedum
540 3292 761 3360 delicatorum
777 3314 865 3361 arcae
880 3293 1149 3375 asperitatesque
1175 3314 1310 3363 summa

305 3393 503 3476 pernicitate
519 3401 703 3475 percursat.
727 3392 920 3461 Praesertim
936 3393 970 3461 in
988 3392 1131 3474 singulis
1157 3392 1311 3463 umboni-

306 3493 371 3562 bus
386 3492 552 3574 bullisque
568 3493 665 3560 haesit
683 3492 806 3575 partim
821 3493 1006 3562 introrsum
1024 3492 1220 3575 premendo,
1236 3515 1310 3577 par·

305 3593 367 3661 tim
383 3614 518 3660 sursum
534 3592 761 3674 deorsumque
773 3594 946 3672 tentando,
961 3591 988 3660 si
1003 3592 1174 3674 cederent,
1189 3601 1227 3663 at
1241 3615 1310 3663 non

305 3699 490 3761 cesserunt.
515 3692 643 3760 Deinde
665 3692 707 3760 ad
725 3693 874 3760 fundum
897 3692 1068 3776 processit,
1090 3692 1311 3777 adhibitaque

305 3795 367 3861 sua
384 3792 560 3872 laternula,
576 3801 718 3861 cunctas
733 3792 871 3861 rimulas
891 3792 1114 3874 collustravit,
1130 3792 1191 3863 sed
1206 3792 1312 3864 incas·

306 3913 395 3961 sum.

389 4008 546 4077 Alterum
572 4008 748 4078 dimidium
773 4008 866 4080 horae
888 4010 937 4080 ita
959 4009 1119 4094 explevit,
1143 4018 1181 4081 et
1202 4032 1311 4095 quum
