3128 5016
558 832 845 890 unmomuoms
1156 818 1197 888 91

280 1001 364 1072 “Est
378 1004 431 1072 vir
446 1003 585 1087 quidam
602 1003 662 1086 qui
679 1011 713 1072 te
730 1002 977 1086 praestolatur,''
993 1001 1122 1071 affatur
1132 1024 1197 1083 me,

196 1104 254 1172 ubi
271 1104 499 1173 vectaculum¹
515 1126 652 1174 sursum
680 1126 780 1173 ruere
803 1102 916 1184 coepit.
954 1101 1088 1171 “Herus
1111 1101 1198 1171 God-

195 1205 272 1286 frey
287 1204 315 1273 is
330 1211 392 1273 est.
415 1205 481 1274 Vix
497 1204 585 1273 dena
601 1204 735 1273 minuta
750 1210 830 1272 ante
846 1203 899 1271 hic
913 1202 1038 1285 attigit.
1072 1202 1198 1270 Memo-

197 1304 295 1373 rabat
311 1312 345 1373 te
361 1326 441 1375 eum
458 1312 665 1388 exspectare,
687 1304 784 1386 proin
799 1304 833 1372 in
850 1310 911 1372 tua
936 1302 1091 1372 cubicula
1117 1324 1197 1371 eum

196 1404 346 1474 admisi.’'

280 1520 422 1591 “Fecisti
438 1523 575 1604 amice‚''
592 1521 759 1605 respondi,
774 1528 810 1589 et
824 1520 891 1589 iam
906 1520 1031 1589 iterum
1048 1520 1091 1589 de
1106 1520 1197 1588 inde·

195 1622 295 1690 fessis
310 1623 442 1692 viribus
456 1623 609 1705 Godfrey
624 1621 784 1704 cogitavi.

278 1723 367 1791 Eum
382 1723 415 1791 in
431 1724 591 1792 artisellio
617 1723 832 1791 volutantem
859 1728 896 1790 et
922 1722 957 1793 in
973 1743 1027 1789 me
1043 1720 1197 1789 reniden-

198 1831 267 1891 tem
284 1823 415 1892 intrans
430 1825 549 1906 reperi.

279 1941 448 2023 “Higgins
462 1964 517 2009 me
532 1941 647 2012 docuit
662 1949 697 2012 te
712 1943 859 2012 necdum
874 1941 1075 2022 revenisse,'’
1099 1940 1196 2007 fatur

195 2042 339 2110 velutin
355 2042 624 2124 explicationem,
640 2042 777 2127 “itaque
793 2044 846 2112 hic
862 2050 897 2111 te
912 2041 1125 2124 aliquantum
1140 2062 1196 2107 ex-

193 2150 347 2223 spectare
364 2150 477 2212 ratum
494 2142 575 2212 duxi
591 2165 631 2211 ea
647 2144 732 2225 lege,
759 2151 809 2225 ut,
836 2144 862 2210 si
890 2141 1072 2211 admodum
1088 2141 1196 2208 lassus

194 2264 262 2309 non
278 2264 378 2324 esses
394 2244 607 2325 aliquantum
623 2244 930 2325 verbigeraremur.
967 2241 1025 2310 Sin
1040 2261 1124 2308 vero
1138 2240 1195 2307 ali-

195 2350 258 2422 ter,
274 2342 326 2411 dic
342 2342 449 2424 sodes,
466 2350 501 2411 et
516 2366 581 2425 ego
595 2366 650 2412 me
667 2366 685 2411 e
701 2344 813 2412 medio
828 2345 942 2412 tollam
959 2341 1144 2424 protinus.”

278 2459 424 2528 “Lassus
439 2482 507 2528 non
524 2463 631 2542 sum,”
659 2460 816 2544 respondi
843 2461 964 2529 laenam
986 2480 1096 2526 meam
1113 2480 1194 2539 pen·

194 2559 286 2628 dens.
310 2560 421 2643 “Quin
448 2561 669 2630 valentiorem
686 2585 740 2630 me
757 2562 866 2631 sentio
889 2582 992 2642 quam
1018 2581 1088 2628 una
1110 2558 1195 2626 hora

193 2661 305 2728 ante.”

277 2759 376 2828 “Non
391 2783 446 2829 me
461 2761 589 2829 latebat
615 2770 697 2831 tunc
715 2768 748 2830 te
764 2769 899 2831 tantum
914 2783 981 2830 non
998 2761 1193 2830 confectum

194 2861 299 2928 esse.'’

276 2960 442 3044 “Quinam
460 2968 498 3029 tu
515 2980 629 3043 sospes
640 2961 878 3043 perduravisti,
890 2960 1086 3043 Godfrey?'’
1102 2981 1193 3040 quaa

192 3084 229 3129 ro
245 3084 287 3129 ex
302 3083 351 3142 eo,
368 3062 450 3130 dum
467 3084 485 3130 e
501 3062 640 3144 regione
667 3062 729 3130 sibi
754 3062 869 3130 sedem
894 3062 1080 3142 capiebam.
1117 3059 1191 3128 “Tu

191 3161 347 3229 defessus
362 3161 500 3230 minime
517 3162 672 3231 videris.”

276 3278 378 3347 “Sum
396 3280 542 3360 tamen‚”
558 3279 616 3359 ait,
634 3277 847 3362 “paucillum.
885 3277 950 3348 Sed
977 3278 1089 3347 fultus
1116 3298 1192 3345 sum

190 3379 328 3448 cerebro
344 3380 460 3459 stulto,
476 3379 566 3461 quod
588 3402 711 3462 corpus
735 3402 843 3462 usque
868 3402 908 3448 eo
934 3378 1017 3449 dum
1043 3377 1126 3461 quid
1147 3377 1190 3444 ad

190 3486 363 3561 agendum
378 3479 537 3561 supersit,
553 3480 654 3562 sopiri
669 3503 738 3549 non
753 3480 840 3549 sinit.
880 3480 994 3562 Quum
1009 3500 1093 3548 vero
1119 3477 1191 3545 haec

191 3581 344 3661 perfecta
370 3587 462 3661 sunt,
486 3601 610 3661 corpus
635 3581 775 3661 relaxat,
802 3579 892 3662 quod
920 3579 1027 3647 instar
1041 3599 1191 3647 vacerrae

190 3701 308 3748 somno
323 3680 500 3761 mergitur.
523 3680 623 3749 Modo
639 3688 796 3749 accurate
818 3680 898 3748 novi
922 3701 976 3748 me
1004 3679 1066 3747 hac
1092 3686 1190 3746 nocte

190 3802 308 3848 somno
324 3780 428 3862 probe
444 3780 515 3848 frui
531 3802 641 3862 usque
655 3803 696 3848 eo
711 3803 779 3848 non
802 3801 909 3862 posse,
936 3779 1042 3848 donec
1068 3778 1190 3847 scitum

292 3968 314 4015 l.
338 3963 525 4015 vectaculum
539 3966 669 4031 quidquid
684 3965 800 4023 vehitur,
814 3965 866 4015 rite
879 3964 1060 4029 appellamus:
1078 3962 1123 4013 hic
1138 3962 1190 4013 loci

189 4063 273 4098 cavea
299 4054 348 4107 est,
371 4064 431 4113 quae
454 4064 515 4099 cum
542 4055 640 4100 caetero
667 4048 887 4100 machinamento
911 4045 1015 4098 tolleno
1040 4045 1191 4111 appellatur

190 4138 251 4197 post
264 4131 430 4183 Vitruvium.
