<?xml version="1.0" encoding="UTF-8"?>
<!DOCTYPE html PUBLIC "-//W3C//DTD XHTML 1.0 Transitional//EN"
    "http://www.w3.org/TR/xhtml1/DTD/xhtml1-transitional.dtd">
<html xmlns="http://www.w3.org/1999/xhtml" xml:lang="en" lang="en">
 <head>
  <title>
</title>
<meta http-equiv="Content-Type" content="text/html;charset=utf-8" />
  <meta name='ocr-system' content='tesseract 3.04.00' />
  <meta name='ocr-capabilities' content='ocr_page ocr_carea ocr_par ocr_line ocrx_word'/>
</head>
<body>
  <div class='ocr_page' id='page_1' title='image "./mysteriumarcbou00stevgoog/mysteriumarcbou00stevgoog_0216.png"; bbox 0 0 3150 5468; ppageno 0'>
   <div class='ocr_carea' id='block_1_1' title="bbox 320 1211 1061 1283">
    <p class='ocr_par' dir='ltr' id='par_1_1' title="bbox 320 1211 1061 1283">
     <span class='ocr_line' id='line_1_1' title="bbox 320 1211 1061 1283; baseline 0.003 -2"><span class='ocrx_word' id='word_1_1' title='bbox 320 1211 385 1281; x_wconf 77' lang='lat'>204</span> <span class='ocrx_word' id='word_1_2' title='bbox 582 1228 791 1282; x_wconf 83' lang='lat' dir='ltr'>uvsrunnm</span> <span class='ocrx_word' id='word_1_3' title='bbox 812 1228 919 1283; x_wconf 74' lang='lat' dir='ltr'>anon</span> <span class='ocrx_word' id='word_1_4' title='bbox 941 1222 1061 1283; x_wconf 80' lang='lat' dir='ltr'>noum</span> 
     </span>
    </p>
   </div>
   <div class='ocr_carea' id='block_1_2' title="bbox 320 1394 1324 1480">
    <p class='ocr_par' dir='ltr' id='par_1_2' title="bbox 320 1394 1324 1480">
     <span class='ocr_line' id='line_1_2' title="bbox 320 1394 1324 1480; baseline 0.002 -16"><span class='ocrx_word' id='word_1_5' title='bbox 320 1394 398 1464; x_wconf 91' lang='lat' dir='ltr'>dern</span> <span class='ocrx_word' id='word_1_6' title='bbox 414 1395 608 1478; x_wconf 86' lang='lat' dir='ltr'>subsistere,</span> <span class='ocrx_word' id='word_1_7' title='bbox 623 1396 717 1465; x_wconf 89' lang='lat' dir='ltr'>illurn</span> <span class='ocrx_word' id='word_1_8' title='bbox 733 1397 905 1479; x_wconf 76' lang='lat' dir='ltr'>excedere,</span> <span class='ocrx_word' id='word_1_9' title='bbox 921 1397 1120 1480; x_wconf 87' lang='lat' dir='ltr'>aurigaeque</span> <span class='ocrx_word' id='word_1_10' title='bbox 1145 1403 1324 1466; x_wconf 85' lang='lat' dir='ltr'>vecturam</span> 
     </span>
    </p>
   </div>
   <div class='ocr_carea' id='block_1_3' title="bbox 319 1496 1324 1879">
    <p class='ocr_par' dir='ltr' id='par_1_3' title="bbox 319 1496 1324 1879">
     <span class='ocr_line' id='line_1_3' title="bbox 320 1496 1323 1577; baseline 0.001 -13"><span class='ocrx_word' id='word_1_11' title='bbox 320 1496 520 1577; x_wconf 89' lang='lat' dir='ltr'>persolvere.</span> <span class='ocrx_word' id='word_1_12' title='bbox 554 1497 725 1565; x_wconf 90' lang='lat' dir='ltr'>Pilentum</span> <span class='ocrx_word' id='word_1_13' title='bbox 741 1498 888 1566; x_wconf 91' lang='lat' dir='ltr'>alterurn</span> <span class='ocrx_word' id='word_1_14' title='bbox 903 1499 984 1566; x_wconf 90' lang='lat' dir='ltr'>satis</span> <span class='ocrx_word' id='word_1_15' title='bbox 1008 1498 1108 1567; x_wconf 90' lang='lat' dir='ltr'>celeri</span> <span class='ocrx_word' id='word_1_16' title='bbox 1131 1519 1235 1567; x_wconf 88' lang='lat' dir='ltr'>cursu</span> <span class='ocrx_word' id='word_1_17' title='bbox 1257 1497 1323 1566; x_wconf 88' lang='lat' dir='ltr'>iter</span> 
     </span>
     <span class='ocr_line' id='line_1_4' title="bbox 319 1595 1322 1680; baseline 0.001 -17"><span class='ocrx_word' id='word_1_18' title='bbox 319 1595 353 1663; x_wconf 93' lang='lat' dir='ltr'>in</span> <span class='ocrx_word' id='word_1_19' title='bbox 369 1596 486 1665; x_wconf 84' lang='lat' dir='ltr'>Platea</span> <span class='ocrx_word' id='word_1_20' title='bbox 502 1598 659 1679; x_wconf 86' lang='lat' dir='ltr'>prosequi</span> <span class='ocrx_word' id='word_1_21' title='bbox 674 1597 753 1666; x_wconf 93' lang='lat' dir='ltr'>vidi.</span> <span class='ocrx_word' id='word_1_22' title='bbox 777 1597 886 1666; x_wconf 88' lang='lat' dir='ltr'>Baiuli</span> <span class='ocrx_word' id='word_1_23' title='bbox 902 1597 970 1666; x_wconf 94' lang='lat' dir='ltr'>duo</span> <span class='ocrx_word' id='word_1_24' title='bbox 996 1619 1109 1666; x_wconf 90' lang='lat' dir='ltr'>arcam</span> <span class='ocrx_word' id='word_1_25' title='bbox 1134 1619 1153 1666; x_wconf 94' lang='lat' dir='ltr'>e</span> <span class='ocrx_word' id='word_1_26' title='bbox 1176 1597 1322 1680; x_wconf 92' lang='lat' dir='ltr'>petorito</span> 
     </span>
     <span class='ocr_line' id='line_1_5' title="bbox 320 1697 1324 1780; baseline 0.003 -17"><span class='ocrx_word' id='word_1_27' title='bbox 320 1703 519 1778; x_wconf 87' lang='lat' dir='ltr'>evexerunt,</span> <span class='ocrx_word' id='word_1_28' title='bbox 535 1704 639 1778; x_wconf 91' lang='lat' dir='ltr'>atque</span> <span class='ocrx_word' id='word_1_29' title='bbox 654 1697 806 1766; x_wconf 89' lang='lat' dir='ltr'>Armand</span> <span class='ocrx_word' id='word_1_30' title='bbox 828 1704 1014 1780; x_wconf 87' lang='lat' dir='ltr'>praeeunte,</span> <span class='ocrx_word' id='word_1_31' title='bbox 1029 1697 1063 1766; x_wconf 92' lang='lat' dir='ltr'>in</span> <span class='ocrx_word' id='word_1_32' title='bbox 1079 1697 1218 1766; x_wconf 91' lang='lat' dir='ltr'>domum</span> <span class='ocrx_word' id='word_1_33' title='bbox 1243 1703 1324 1766; x_wconf 88' lang='lat' dir='ltr'>ante</span> 
     </span>
     <span class='ocr_line' id='line_1_6' title="bbox 319 1795 1034 1879; baseline 0.003 -15"><span class='ocrx_word' id='word_1_34' title='bbox 319 1795 417 1864; x_wconf 91' lang='lat' dir='ltr'>cuius</span> <span class='ocrx_word' id='word_1_35' title='bbox 430 1796 556 1865; x_wconf 91' lang='lat' dir='ltr'>ostium</span> <span class='ocrx_word' id='word_1_36' title='bbox 571 1797 803 1879; x_wconf 87' lang='lat' dir='ltr'>constiterant,</span> <span class='ocrx_word' id='word_1_37' title='bbox 818 1798 1034 1867; x_wconf 91' lang='lat' dir='ltr'>invexerunt.</span> 
     </span>
    </p>
   </div>
   <div class='ocr_carea' id='block_1_4' title="bbox 318 1913 1325 2495">
    <p class='ocr_par' dir='ltr' id='par_1_4' title="bbox 318 1913 1325 2495">
     <span class='ocr_line' id='line_1_7' title="bbox 404 1913 1323 1996; baseline 0 -14"><span class='ocrx_word' id='word_1_38' title='bbox 404 1914 516 1993; x_wconf 87' lang='lat' dir='ltr'>Quina</span> <span class='ocrx_word' id='word_1_39' title='bbox 540 1914 672 1982; x_wconf 88' lang='lat' dir='ltr'>circiter</span> <span class='ocrx_word' id='word_1_40' title='bbox 695 1914 829 1983; x_wconf 91' lang='lat' dir='ltr'>minuta</span> <span class='ocrx_word' id='word_1_41' title='bbox 852 1915 886 1983; x_wconf 95' lang='lat' dir='ltr'>hi</span> <span class='ocrx_word' id='word_1_42' title='bbox 910 1915 1062 1996; x_wconf 90' lang='lat' dir='ltr'>aberant,</span> <span class='ocrx_word' id='word_1_43' title='bbox 1086 1914 1178 1983; x_wconf 90' lang='lat' dir='ltr'>unde</span> <span class='ocrx_word' id='word_1_44' title='bbox 1200 1913 1323 1983; x_wconf 88' lang='lat' dir='ltr'>licebat</span> 
     </span>
     <span class='ocr_line' id='line_1_8' title="bbox 319 2013 1324 2097; baseline 0.001 -15"><span class='ocrx_word' id='word_1_45' title='bbox 319 2013 507 2083; x_wconf 88' lang='lat' dir='ltr'>coniectare</span> <span class='ocrx_word' id='word_1_46' title='bbox 523 2036 558 2082; x_wconf 92' lang='lat' dir='ltr'>se</span> <span class='ocrx_word' id='word_1_47' title='bbox 573 2036 687 2082; x_wconf 90' lang='lat' dir='ltr'>arcam</span> <span class='ocrx_word' id='word_1_48' title='bbox 702 2015 736 2082; x_wconf 93' lang='lat' dir='ltr'>in</span> <span class='ocrx_word' id='word_1_49' title='bbox 752 2015 960 2097; x_wconf 87' lang='lat' dir='ltr'>superiorem</span> <span class='ocrx_word' id='word_1_50' title='bbox 972 2015 1139 2084; x_wconf 89' lang='lat' dir='ltr'>baiulasse</span> <span class='ocrx_word' id='word_1_51' title='bbox 1150 2015 1324 2097; x_wconf 91' lang='lat' dir='ltr'>contigna-</span> 
     </span>
     <span class='ocr_line' id='line_1_9' title="bbox 319 2113 1323 2196; baseline 0.001 -15"><span class='ocrx_word' id='word_1_52' title='bbox 319 2113 466 2195; x_wconf 87' lang='lat' dir='ltr'>tionem;</span> <span class='ocrx_word' id='word_1_53' title='bbox 499 2120 574 2181; x_wconf 93' lang='lat' dir='ltr'>tum</span> <span class='ocrx_word' id='word_1_54' title='bbox 598 2114 722 2182; x_wconf 92' lang='lat' dir='ltr'>iterum</span> <span class='ocrx_word' id='word_1_55' title='bbox 753 2121 1029 2196; x_wconf 86' lang='lat' dir='ltr'>comparuerunt,</span> <span class='ocrx_word' id='word_1_56' title='bbox 1062 2114 1145 2183; x_wconf 90' lang='lat' dir='ltr'>hero</span> <span class='ocrx_word' id='word_1_57' title='bbox 1171 2113 1323 2182; x_wconf 89' lang='lat' dir='ltr'>Armand</span> 
     </span>
     <span class='ocr_line' id='line_1_10' title="bbox 318 2213 1324 2296; baseline 0.001 -16"><span class='ocrx_word' id='word_1_58' title='bbox 318 2213 510 2281; x_wconf 90' lang='lat' dir='ltr'>comitante.</span> <span class='ocrx_word' id='word_1_59' title='bbox 534 2214 609 2295; x_wconf 93' lang='lat' dir='ltr'>lpse</span> <span class='ocrx_word' id='word_1_60' title='bbox 624 2213 686 2294; x_wconf 94' lang='lat' dir='ltr'>his,</span> <span class='ocrx_word' id='word_1_61' title='bbox 702 2214 841 2296; x_wconf 85' lang='lat' dir='ltr'>perinde</span> <span class='ocrx_word' id='word_1_62' title='bbox 866 2222 970 2296; x_wconf 90' lang='lat' dir='ltr'>atque</span> <span class='ocrx_word' id='word_1_63' title='bbox 994 2215 1134 2296; x_wconf 87' lang='lat' dir='ltr'>aurigae,</span> <span class='ocrx_word' id='word_1_64' title='bbox 1157 2214 1324 2283; x_wconf 92' lang='lat' dir='ltr'>corollari-</span> 
     </span>
     <span class='ocr_line' id='line_1_11' title="bbox 320 2313 1325 2396; baseline 0.003 -16"><span class='ocrx_word' id='word_1_65' title='bbox 320 2334 379 2381; x_wconf 91' lang='lat' dir='ltr'>um</span> <span class='ocrx_word' id='word_1_66' title='bbox 396 2313 575 2394; x_wconf 84' lang='lat' dir='ltr'>dilargitus</span> <span class='ocrx_word' id='word_1_67' title='bbox 601 2320 662 2381; x_wconf 89' lang='lat' dir='ltr'>est.</span> <span class='ocrx_word' id='word_1_68' title='bbox 686 2314 794 2382; x_wconf 88' lang='lat' dir='ltr'>Baiuli</span> <span class='ocrx_word' id='word_1_69' title='bbox 817 2321 893 2382; x_wconf 92' lang='lat' dir='ltr'>tum</span> <span class='ocrx_word' id='word_1_70' title='bbox 917 2315 1101 2396; x_wconf 90' lang='lat' dir='ltr'>petoritum</span> <span class='ocrx_word' id='word_1_71' title='bbox 1124 2313 1325 2383; x_wconf 86' lang='lat' dir='ltr'>conscende·</span> 
     </span>
     <span class='ocr_line' id='line_1_12' title="bbox 321 2413 1240 2495; baseline 0 -13"><span class='ocrx_word' id='word_1_72' title='bbox 321 2421 413 2495; x_wconf 94' lang='lat' dir='ltr'>runt,</span> <span class='ocrx_word' id='word_1_73' title='bbox 429 2413 520 2495; x_wconf 93' lang='lat' dir='ltr'>quod</span> <span class='ocrx_word' id='word_1_74' title='bbox 537 2435 615 2481; x_wconf 89' lang='lat' dir='ltr'>curn</span> <span class='ocrx_word' id='word_1_75' title='bbox 631 2413 694 2481; x_wconf 94' lang='lat' dir='ltr'>illis</span> <span class='ocrx_word' id='word_1_76' title='bbox 709 2421 863 2495; x_wconf 92' lang='lat' dir='ltr'>strepens</span> <span class='ocrx_word' id='word_1_77' title='bbox 879 2436 914 2483; x_wconf 91' lang='lat' dir='ltr'>se</span> <span class='ocrx_word' id='word_1_78' title='bbox 930 2414 1076 2483; x_wconf 90' lang='lat' dir='ltr'>emedio</span> <span class='ocrx_word' id='word_1_79' title='bbox 1091 2414 1240 2482; x_wconf 88' lang='lat' dir='ltr'>sustulit.</span> 
     </span>
    </p>
   </div>
   <div class='ocr_carea' id='block_1_5' title="bbox 317 2529 1324 2799">
    <p class='ocr_par' dir='ltr' id='par_1_5' title="bbox 317 2529 1324 2799">
     <span class='ocr_line' id='line_1_13' title="bbox 403 2529 1323 2613; baseline -0.001 -14"><span class='ocrx_word' id='word_1_80' title='bbox 403 2531 516 2599; x_wconf 89' lang='lat' dir='ltr'>Pauca</span> <span class='ocrx_word' id='word_1_81' title='bbox 531 2537 704 2598; x_wconf 89' lang='lat' dir='ltr'>momenta</span> <span class='ocrx_word' id='word_1_82' title='bbox 718 2531 869 2599; x_wconf 85' lang='lat' dir='ltr'>Annand</span> <span class='ocrx_word' id='word_1_83' title='bbox 886 2539 980 2600; x_wconf 90' lang='lat' dir='ltr'>stans</span> <span class='ocrx_word' id='word_1_84' title='bbox 995 2531 1029 2598; x_wconf 92' lang='lat' dir='ltr'>in</span> <span class='ocrx_word' id='word_1_85' title='bbox 1045 2530 1166 2613; x_wconf 90' lang='lat' dir='ltr'>gradu,</span> <span class='ocrx_word' id='word_1_86' title='bbox 1192 2530 1227 2598; x_wconf 94' lang='lat' dir='ltr'>in</span> <span class='ocrx_word' id='word_1_87' title='bbox 1248 2529 1323 2598; x_wconf 90' lang='lat' dir='ltr'>Pla·</span> 
     </span>
     <span class='ocr_line' id='line_1_14' title="bbox 317 2630 1324 2714; baseline -0.001 -16"><span class='ocrx_word' id='word_1_88' title='bbox 317 2638 374 2699; x_wconf 91' lang='lat' dir='ltr'>tea</span> <span class='ocrx_word' id='word_1_89' title='bbox 389 2653 524 2699; x_wconf 87' lang='lat' dir='ltr'>sursum</span> <span class='ocrx_word' id='word_1_90' title='bbox 542 2630 768 2712; x_wconf 88' lang='lat' dir='ltr'>deorsumque</span> <span class='ocrx_word' id='word_1_91' title='bbox 784 2631 1032 2714; x_wconf 87' lang='lat' dir='ltr'>circumspexit,</span> <span class='ocrx_word' id='word_1_92' title='bbox 1056 2630 1133 2699; x_wconf 92' lang='lat' dir='ltr'>dein</span> <span class='ocrx_word' id='word_1_93' title='bbox 1150 2630 1324 2711; x_wconf 87' lang='lat' dir='ltr'>ingressus</span> 
     </span>
     <span class='ocr_line' id='line_1_15' title="bbox 319 2730 646 2799; baseline -0.003 0"><span class='ocrx_word' id='word_1_94' title='bbox 319 2730 407 2799; x_wconf 93' lang='lat' dir='ltr'>visui</span> <span class='ocrx_word' id='word_1_95' title='bbox 424 2752 459 2799; x_wconf 90' lang='lat' dir='ltr'>se</span> <span class='ocrx_word' id='word_1_96' title='bbox 474 2730 646 2799; x_wconf 91' lang='lat' dir='ltr'>subduxit.</span> 
     </span>
    </p>
   </div>
   <div class='ocr_carea' id='block_1_6' title="bbox 317 2847 1322 3329">
    <p class='ocr_par' dir='ltr' id='par_1_6' title="bbox 317 2847 1322 3329">
     <span class='ocr_line' id='line_1_16' title="bbox 401 2847 1321 2930; baseline -0.002 -14"><span class='ocrx_word' id='word_1_97' title='bbox 401 2847 466 2916; x_wconf 85' lang='lat' dir='ltr'>Vix</span> <span class='ocrx_word' id='word_1_98' title='bbox 482 2855 654 2916; x_wconf 89' lang='lat' dir='ltr'>momento</span> <span class='ocrx_word' id='word_1_99' title='bbox 669 2855 745 2929; x_wconf 92' lang='lat' dir='ltr'>post</span> <span class='ocrx_word' id='word_1_100' title='bbox 759 2847 916 2930; x_wconf 89' lang='lat' dir='ltr'>conspexi</span> <span class='ocrx_word' id='word_1_101' title='bbox 939 2847 1090 2930; x_wconf 79' lang='lat' dir='ltr'>Godfrey</span> <span class='ocrx_word' id='word_1_102' title='bbox 1115 2853 1150 2916; x_wconf 86' lang='lat' dir='ltr'>ct</span> <span class='ocrx_word' id='word_1_103' title='bbox 1176 2847 1321 2915; x_wconf 89' lang='lat' dir='ltr'>alterurn</span> 
     </span>
     <span class='ocr_line' id='line_1_17' title="bbox 317 2946 1321 3029; baseline -0.002 -13"><span class='ocrx_word' id='word_1_104' title='bbox 317 2948 509 3029; x_wconf 86' lang='lat' dir='ltr'>quemdam,</span> <span class='ocrx_word' id='word_1_105' title='bbox 526 2969 629 3029; x_wconf 90' lang='lat' dir='ltr'>quern</span> <span class='ocrx_word' id='word_1_106' title='bbox 644 2947 768 3028; x_wconf 86' lang='lat' dir='ltr'>agnovi</span> <span class='ocrx_word' id='word_1_107' title='bbox 783 2946 974 3016; x_wconf 85' lang='lat' dir='ltr'>Simmonds</span> <span class='ocrx_word' id='word_1_108' title='bbox 987 2947 1104 3028; x_wconf 85' lang='lat' dir='ltr'>fuisse,</span> <span class='ocrx_word' id='word_1_109' title='bbox 1128 2968 1147 3015; x_wconf 90' lang='lat' dir='ltr'>e</span> <span class='ocrx_word' id='word_1_110' title='bbox 1169 2946 1321 3028; x_wconf 89' lang='lat' dir='ltr'>taberna,</span> 
     </span>
     <span class='ocr_line' id='line_1_18' title="bbox 318 3046 1321 3128; baseline -0.001 -13"><span class='ocrx_word' id='word_1_111' title='bbox 318 3047 352 3115; x_wconf 94' lang='lat' dir='ltr'>in</span> <span class='ocrx_word' id='word_1_112' title='bbox 368 3047 511 3116; x_wconf 91' lang='lat' dir='ltr'>adverso</span> <span class='ocrx_word' id='word_1_113' title='bbox 526 3048 610 3128; x_wconf 91' lang='lat' dir='ltr'>vico,</span> <span class='ocrx_word' id='word_1_114' title='bbox 627 3047 840 3128; x_wconf 84' lang='lat' dir='ltr'>egredientes</span> <span class='ocrx_word' id='word_1_115' title='bbox 855 3047 946 3115; x_wconf 91' lang='lat' dir='ltr'>viam</span> <span class='ocrx_word' id='word_1_116' title='bbox 962 3054 1204 3128; x_wconf 90' lang='lat' dir='ltr'>transcurrere,</span> <span class='ocrx_word' id='word_1_117' title='bbox 1219 3053 1254 3115; x_wconf 90' lang='lat' dir='ltr'>et</span> <span class='ocrx_word' id='word_1_118' title='bbox 1265 3046 1321 3114; x_wconf 92' lang='lat' dir='ltr'>do·</span> 
     </span>
     <span class='ocr_line' id='line_1_19' title="bbox 318 3147 1322 3228; baseline -0.001 -13"><span class='ocrx_word' id='word_1_119' title='bbox 318 3147 400 3228; x_wconf 92' lang='lat' dir='ltr'>mui‚</span> <span class='ocrx_word' id='word_1_120' title='bbox 416 3147 569 3228; x_wconf 91' lang='lat' dir='ltr'>inquam</span> <span class='ocrx_word' id='word_1_121' title='bbox 584 3169 662 3215; x_wconf 86' lang='lat' dir='ltr'>arca</span> <span class='ocrx_word' id='word_1_122' title='bbox 688 3149 812 3215; x_wconf 89' lang='lat' dir='ltr'>invexa</span> <span class='ocrx_word' id='word_1_123' title='bbox 834 3154 919 3228; x_wconf 86' lang='lat' dir='ltr'>erat,</span> <span class='ocrx_word' id='word_1_124' title='bbox 943 3147 1081 3216; x_wconf 89' lang='lat' dir='ltr'>irruere.</span> <span class='ocrx_word' id='word_1_125' title='bbox 1119 3149 1235 3227; x_wconf 86' lang='lat' dir='ltr'>Quum</span> <span class='ocrx_word' id='word_1_126' title='bbox 1256 3167 1322 3227; x_wconf 89' lang='lat' dir='ltr'>ego</span> 
     </span>
     <span class='ocr_line' id='line_1_20' title="bbox 319 3247 988 3329; baseline 0 -13"><span class='ocrx_word' id='word_1_127' title='bbox 319 3247 452 3329; x_wconf 90' lang='lat' dir='ltr'>adveni,</span> <span class='ocrx_word' id='word_1_128' title='bbox 468 3247 522 3315; x_wconf 91' lang='lat' dir='ltr'>isti</span> <span class='ocrx_word' id='word_1_129' title='bbox 538 3269 646 3329; x_wconf 91' lang='lat' dir='ltr'>usque</span> <span class='ocrx_word' id='word_1_130' title='bbox 661 3247 695 3314; x_wconf 93' lang='lat' dir='ltr'>in</span> <span class='ocrx_word' id='word_1_131' title='bbox 711 3247 825 3316; x_wconf 89' lang='lat' dir='ltr'>limine</span> <span class='ocrx_word' id='word_1_132' title='bbox 841 3247 988 3316; x_wconf 88' lang='lat' dir='ltr'>stabant.</span> 
     </span>
    </p>
   </div>
   <div class='ocr_carea' id='block_1_7' title="bbox 314 3362 1322 4047">
    <p class='ocr_par' dir='ltr' id='par_1_7' title="bbox 314 3362 1322 4047">
     <span class='ocr_line' id='line_1_21' title="bbox 401 3362 1322 3446; baseline -0.003 -13"><span class='ocrx_word' id='word_1_133' title='bbox 401 3365 614 3433; x_wconf 89' lang='lat' dir='ltr'>Domuncula</span> <span class='ocrx_word' id='word_1_134' title='bbox 629 3364 701 3432; x_wconf 86' lang='lat' dir='ltr'>haec</span> <span class='ocrx_word' id='word_1_135' title='bbox 723 3365 875 3446; x_wconf 89' lang='lat' dir='ltr'>squalida</span> <span class='ocrx_word' id='word_1_136' title='bbox 890 3373 925 3433; x_wconf 87' lang='lat' dir='ltr'>et</span> <span class='ocrx_word' id='word_1_137' title='bbox 939 3365 1073 3434; x_wconf 91' lang='lat' dir='ltr'>sordida</span> <span class='ocrx_word' id='word_1_138' title='bbox 1097 3371 1181 3446; x_wconf 87' lang='lat' dir='ltr'>erat,</span> <span class='ocrx_word' id='word_1_139' title='bbox 1204 3362 1322 3432; x_wconf 90' lang='lat' dir='ltr'>vicini-</span> 
     </span>
     <span class='ocr_line' id='line_1_22' title="bbox 318 3463 1320 3547; baseline -0.004 -13"><span class='ocrx_word' id='word_1_140' title='bbox 318 3465 382 3534; x_wconf 90' lang='lat' dir='ltr'>tati</span> <span class='ocrx_word' id='word_1_141' title='bbox 406 3465 550 3533; x_wconf 91' lang='lat' dir='ltr'>sordidae</span> <span class='ocrx_word' id='word_1_142' title='bbox 570 3486 729 3545; x_wconf 89' lang='lat' dir='ltr'>congrua.</span> <span class='ocrx_word' id='word_1_143' title='bbox 768 3465 999 3547; x_wconf 89' lang='lat' dir='ltr'>Pedeplanum</span> <span class='ocrx_word' id='word_1_144' title='bbox 1021 3464 1189 3533; x_wconf 90' lang='lat' dir='ltr'>lavatrina</span> <span class='ocrx_word' id='word_1_145' title='bbox 1211 3463 1320 3545; x_wconf 87' lang='lat' dir='ltr'>exple·</span> 
     </span>
     <span class='ocr_line' id='line_1_23' title="bbox 320 3561 1322 3647; baseline -0.003 -13"><span class='ocrx_word' id='word_1_146' title='bbox 320 3568 388 3647; x_wconf 93' lang='lat' dir='ltr'>bat,</span> <span class='ocrx_word' id='word_1_147' title='bbox 405 3587 509 3647; x_wconf 88' lang='lat' dir='ltr'>quarn</span> <span class='ocrx_word' id='word_1_148' title='bbox 533 3563 704 3645; x_wconf 89' lang='lat' dir='ltr'>inscriptio</span> <span class='ocrx_word' id='word_1_149' title='bbox 727 3564 761 3631; x_wconf 93' lang='lat' dir='ltr'>in</span> <span class='ocrx_word' id='word_1_150' title='bbox 786 3565 901 3633; x_wconf 88' lang='lat' dir='ltr'>fronte</span> <span class='ocrx_word' id='word_1_151' title='bbox 926 3564 1122 3633; x_wconf 89' lang='lat' dir='ltr'>Francicam</span> <span class='ocrx_word' id='word_1_152' title='bbox 1144 3584 1217 3632; x_wconf 87' lang='lat' dir='ltr'>esse</span> <span class='ocrx_word' id='word_1_153' title='bbox 1238 3561 1322 3631; x_wconf 88' lang='lat' dir='ltr'>satis</span> 
     </span>
     <span class='ocr_line' id='line_1_24' title="bbox 318 3663 1322 3745; baseline -0.004 -11"><span class='ocrx_word' id='word_1_154' title='bbox 318 3665 520 3745; x_wconf 87' lang='lat' dir='ltr'>declaravit;</span> <span class='ocrx_word' id='word_1_155' title='bbox 552 3664 625 3731; x_wconf 86' lang='lat' dir='ltr'>haec</span> <span class='ocrx_word' id='word_1_156' title='bbox 650 3671 767 3732; x_wconf 89' lang='lat' dir='ltr'>autem</span> <span class='ocrx_word' id='word_1_157' title='bbox 791 3668 918 3745; x_wconf 81' lang='lat' dir='ltr'>magna</span> <span class='ocrx_word' id='word_1_158' title='bbox 947 3664 1143 3732; x_wconf 90' lang='lat' dir='ltr'>collustrata</span> <span class='ocrx_word' id='word_1_159' title='bbox 1168 3663 1322 3731; x_wconf 73' lang='lat' dir='ltr'>fenestra</span> 
     </span>
     <span class='ocr_line' id='line_1_25' title="bbox 314 3763 1318 3847; baseline -0.005 -13"><span class='ocrx_word' id='word_1_160' title='bbox 314 3773 422 3834; x_wconf 90' lang='lat' dir='ltr'>totam</span> <span class='ocrx_word' id='word_1_161' title='bbox 448 3765 598 3832; x_wconf 82' lang='lat' dir='ltr'>frontem</span> <span class='ocrx_word' id='word_1_162' title='bbox 621 3764 817 3847; x_wconf 91' lang='lat' dir='ltr'>occupabat,</span> <span class='ocrx_word' id='word_1_163' title='bbox 833 3765 860 3833; x_wconf 91' lang='lat' dir='ltr'>si</span> <span class='ocrx_word' id='word_1_164' title='bbox 875 3764 1012 3832; x_wconf 91' lang='lat' dir='ltr'>ianuam</span> <span class='ocrx_word' id='word_1_165' title='bbox 1028 3763 1145 3832; x_wconf 89' lang='lat' dir='ltr'>demas</span> <span class='ocrx_word' id='word_1_166' title='bbox 1167 3783 1255 3844; x_wconf 90' lang='lat' dir='ltr'>quae,</span> <span class='ocrx_word' id='word_1_167' title='bbox 1278 3768 1318 3830; x_wconf 92' lang='lat' dir='ltr'>ut</span> 
     </span>
     <span class='ocr_line' id='line_1_26' title="bbox 317 3861 1321 3946; baseline -0.004 -12"><span class='ocrx_word' id='word_1_168' title='bbox 317 3872 392 3934; x_wconf 88' lang='lat' dir='ltr'>erat</span> <span class='ocrx_word' id='word_1_169' title='bbox 407 3864 606 3944; x_wconf 88' lang='lat' dir='ltr'>verosimile,</span> <span class='ocrx_word' id='word_1_170' title='bbox 622 3864 665 3932; x_wconf 93' lang='lat' dir='ltr'>ad</span> <span class='ocrx_word' id='word_1_171' title='bbox 681 3864 819 3946; x_wconf 84' lang='lat' dir='ltr'>gradus,</span> <span class='ocrx_word' id='word_1_172' title='bbox 829 3886 889 3946; x_wconf 91' lang='lat' dir='ltr'>per</span> <span class='ocrx_word' id='word_1_173' title='bbox 906 3864 967 3932; x_wconf 94' lang='lat' dir='ltr'>hos</span> <span class='ocrx_word' id='word_1_174' title='bbox 982 3885 1064 3933; x_wconf 87' lang='lat' dir='ltr'>vero</span> <span class='ocrx_word' id='word_1_175' title='bbox 1080 3865 1115 3932; x_wconf 95' lang='lat' dir='ltr'>in</span> <span class='ocrx_word' id='word_1_176' title='bbox 1131 3861 1321 3945; x_wconf 90' lang='lat' dir='ltr'>superiores</span> 
     </span>
     <span class='ocr_line' id='line_1_27' title="bbox 319 3963 760 4047; baseline -0.007 -13"><span class='ocrx_word' id='word_1_177' title='bbox 319 3965 589 4047; x_wconf 84' lang='lat' dir='ltr'>contignationes</span> <span class='ocrx_word' id='word_1_178' title='bbox 604 3963 760 4032; x_wconf 88' lang='lat' dir='ltr'>ducebat.</span> 
     </span>
    </p>
   </div>
   <div class='ocr_carea' id='block_1_8' title="bbox 315 4079 1322 4452">
    <p class='ocr_par' dir='ltr' id='par_1_8' title="bbox 315 4079 1322 4452">
     <span class='ocr_line' id='line_1_28' title="bbox 398 4079 1322 4162; baseline -0.004 -12"><span class='ocrx_word' id='word_1_179' title='bbox 398 4082 523 4151; x_wconf 91' lang='lat' dir='ltr'>Vultus</span> <span class='ocrx_word' id='word_1_180' title='bbox 539 4080 689 4162; x_wconf 82' lang='lat' dir='ltr'>Godfrey</span> <span class='ocrx_word' id='word_1_181' title='bbox 705 4103 747 4149; x_wconf 90' lang='lat' dir='ltr'>ex</span> <span class='ocrx_word' id='word_1_182' title='bbox 761 4080 984 4150; x_wconf 91' lang='lat' dir='ltr'>concitatione</span> <span class='ocrx_word' id='word_1_183' title='bbox 1000 4087 1075 4149; x_wconf 89' lang='lat' dir='ltr'>erat</span> <span class='ocrx_word' id='word_1_184' title='bbox 1089 4079 1322 4148; x_wconf 88' lang='lat' dir='ltr'>inflammatus</span> 
     </span>
     <span class='ocr_line' id='line_1_29' title="bbox 315 4178 1320 4250; baseline -0.004 0"><span class='ocrx_word' id='word_1_185' title='bbox 315 4181 398 4250; x_wconf 93' lang='lat' dir='ltr'>dum</span> <span class='ocrx_word' id='word_1_186' title='bbox 415 4203 531 4250; x_wconf 87' lang='lat' dir='ltr'>ansam</span> <span class='ocrx_word' id='word_1_187' title='bbox 547 4181 649 4249; x_wconf 91' lang='lat' dir='ltr'>huius</span> <span class='ocrx_word' id='word_1_188' title='bbox 674 4181 787 4249; x_wconf 86' lang='lat' dir='ltr'>ianuae</span> <span class='ocrx_word' id='word_1_189' title='bbox 813 4181 935 4249; x_wconf 89' lang='lat' dir='ltr'>leniter</span> <span class='ocrx_word' id='word_1_190' title='bbox 950 4217 991 4225; x_wconf 94' lang='lat'><strong>—</strong></span> <span class='ocrx_word' id='word_1_191' title='bbox 1006 4181 1127 4250; x_wconf 89' lang='lat' dir='ltr'>leniter</span> <span class='ocrx_word' id='word_1_192' title='bbox 1151 4178 1320 4248; x_wconf 88' lang='lat' dir='ltr'>tentabat.</span> 
     </span>
     <span class='ocr_line' id='line_1_30' title="bbox 316 4281 1321 4452; baseline -0.004 -101"><span class='ocrx_word' id='word_1_193' title='bbox 316 4282 581 4452; x_wconf 46' lang='lat' dir='ltr'>differam</span> <span class='ocrx_word' id='word_1_194' title='bbox 615 4281 821 4362; x_wconf 88' lang='lat' dir='ltr'>Proclinans,</span> <span class='ocrx_word' id='word_1_195' title='bbox 837 4303 898 4363; x_wconf 90' lang='lat' dir='ltr'>per</span> <span class='ocrx_word' id='word_1_196' title='bbox 913 4281 1068 4350; x_wconf 77' lang='lat' dir='ltr'>toramen</span> <span class='ocrx_word' id='word_1_197' title='bbox 1083 4282 1189 4350; x_wconf 91' lang='lat' dir='ltr'>clavis</span> <span class='ocrx_word' id='word_1_198' title='bbox 1204 4299 1321 4361; x_wconf 87' lang='lat' dir='ltr'>specu·</span> 
     </span>
    </p>
   </div>
   <div class='ocr_carea' id='block_1_9' title="bbox 399 4497 1099 4580">
    <p class='ocr_par' dir='ltr' id='par_1_9' title="bbox 399 4497 1099 4580">
     <span class='ocr_line' id='line_1_31' title="bbox 399 4497 1099 4580; baseline -0.001 -12"><span class='ocrx_word' id='word_1_199' title='bbox 399 4497 532 4569; x_wconf 88' lang='lat' dir='ltr'>“Clavis</span> <span class='ocrx_word' id='word_1_200' title='bbox 546 4498 581 4567; x_wconf 92' lang='lat' dir='ltr'>in</span> <span class='ocrx_word' id='word_1_201' title='bbox 595 4497 763 4567; x_wconf 84' lang='lat' dir='ltr'>foramine</span> <span class='ocrx_word' id='word_1_202' title='bbox 778 4498 917 4580; x_wconf 86' lang='lat' dir='ltr'>haeret,&#39;&#39;</span> <span class='ocrx_word' id='word_1_203' title='bbox 933 4505 1099 4569; x_wconf 89' lang='lat' dir='ltr'>susurrat.</span> 
     </span>
    </p>
   </div>
   <div class='ocr_carea' id='block_1_10' title="bbox 0 0 1580 5468">
    <p class='ocr_par' dir='ltr' id='par_1_10' title="bbox 0 0 1580 5468">
     <span class='ocr_line' id='line_1_32' title="bbox 0 0 1580 5468; baseline 0 0"><span class='ocrx_word' id='word_1_204' title='bbox 0 0 1580 5468; x_wconf 95' lang='lat' dir='ltr'> </span> 
     </span>
    </p>
   </div>
  </div>
 </body>
</html>
