3150 5468
632 2261 783 2331 CAPUT
813 2261 875 2332 XV

518 2447 703 2514 Arcanum
719 2447 855 2515 Franci
869 2447 993 2528 Iorwti.

340 2629 631 2709 Auounmmseun
652 2629 768 2699 adstiti
792 2629 948 2712 elinguis,
974 2629 1202 2712 deorsumque
1223 2627 1258 2698 in

257 2729 392 2797 vultum
408 2729 559 2798 mulieris
573 2730 716 2799 exoletae
741 2737 983 2812 enervataeque
1012 2728 1182 2811 spectum
1203 2727 1260 2797 de·

257 2828 361 2911 nique
376 2828 527 2911 Godfrey
542 2831 693 2911 accessit,
708 2851 852 2911 eamque
867 2829 1127 2899 intermortuam
1138 2829 1172 2898 in
1184 2849 1260 2910 gra·

258 2928 376 2998 batum
392 2929 530 2998 levavit

341 3028 620 3110 “Aliquantulum
636 3049 736 3112 aquae
750 3029 904 3110 afferto,”
920 3030 1017 3098 fatur
1040 3028 1083 3098 ad
1106 3049 1161 3097 me
1183 3048 1260 3097 oon·

257 3149 389 3209 versus,
406 3129 544 3211 vidique
559 3151 578 3197 e
594 3130 694 3199 vultu
709 3129 783 3198 eius
803 3136 1014 3212 quantopere
1040 3128 1154 3198 animo
1179 3127 1260 3196 faci·

258 3250 345 3310 eque
360 3229 549 3298 concitatus
564 3228 680 3298 tuerit.

339 3328 392 3398 Ad
407 3329 500 3398 fores
513 3329 658 3411 cucurri,
674 3329 798 3412 raptim
814 3330 941 3412 aperui.
959 3329 1088 3412 Rogers
1104 3328 1213 3412 reperi
1224 3327 1260 3396 in

255 3429 386 3498 ambitu
402 3437 560 3512 stantem,
576 3451 725 3513 eumque
741 3431 896 3512 protinus
911 3452 1036 3513 aquam
1051 3431 1142 3499 ferre
1166 3429 1259 3511 iussi,

256 3531 376 3612 ipsein
392 3530 551 3599 conclave
568 3552 752 3612 regressus,

332 3629 483 3712 Godfrey
498 3651 621 3700 manus
632 3630 753 3713 pueliae
769 3630 923 3711 fricabat,
938 3630 1020 3700 dum
1032 3637 1189 3699 matrona
1203 3649 1260 3698 ve

257 3730 325 3798 late
340 3729 462 3799 fibulas
477 3730 686 3813 uncinasque
702 3731 903 3800 subarmalis
917 3731 991 3800 eius
1005 3729 1197 3800 solvitabat
1211 3728 1259 3798 Ut

257 3839 361 3913 patet,
386 3830 469 3899 satis
493 3832 583 3900 clare
608 3831 700 3900 haud
727 3831 844 3900 videre
869 3831 1015 3912 valebat,
1037 3830 1260 3912 quamobrem

255 3931 355 4000 celeri
372 3939 468 4000 motu
484 3952 607 4000 manus
622 3932 737 4001 velum
753 3953 854 4001 suum
870 3930 1072 4000 sublevavit.
1084 3929 1193 3999 Corde
1207 3950 1261 3999 ac·

255 4030 353 4100 cendi
378 4030 464 4113 coepi
491 4053 600 4113 quum
626 4053 701 4100 eam
718 4033 766 4100 ita
781 4031 976 4100 humaniter
1000 4038 1161 4112 agentem
1183 4050 1261 4099 con·

256 4130 369 4214 spexi;
391 4153 430 4200 ac
446 4138 523 4213 post
538 4131 712 4214 singulum
727 4131 888 4201 obtutum
914 4131 1075 4200 aliorsum
1101 4150 1157 4199 me
1182 4148 1261 4200 cou-

256 4231 355 4300 verti.

339 4332 451 4401 Etiam
477 4331 702 4400 animadverti
729 4331 880 4414 Godfrey
906 4352 947 4400 ex
970 4331 1089 4413 agnita
1118 4330 1261 4400 muliere

257 4432 441 4503 admodum
456 4440 653 4514 stupentem
669 4441 708 4501 ut
723 4454 799 4501 eam
816 4432 962 4501 intuitus
976 4439 1067 4512 erat;
1090 4439 1166 4514 post
1182 4451 1261 4514 quae

257 4542 292 4604 et
307 4533 378 4617 ipse
392 4533 507 4604 oculos
521 4533 658 4603 avertit.
