3150 5468
333 1283 396 1352 228
595 1300 804 1354 ursmarum
826 1300 934 1353 Anca
955 1291 1074 1353 nourr

334 1466 456 1535 Modus
472 1475 588 1537 autem
604 1467 799 1550 infligendae
814 1469 933 1536 mortis
949 1475 1020 1536 tam
1036 1472 1151 1536 certus
1165 1472 1218 1534 est
1233 1471 1338 1545 atque

333 1588 486 1648 arcanus,
504 1576 544 1636 ut
558 1568 632 1636 fere
647 1590 750 1650 super
764 1575 924 1636 naturam
939 1567 1069 1650 positus
1084 1587 1157 1635 esse
1168 1564 1336 1633 videatur.

334 1667 616 1749 Quandoquidem
642 1675 818 1750 repertum
840 1676 892 1737 est
920 1666 1060 1736 rebelles
1085 1672 1121 1734 et
1147 1663 1338 1747 proditores

333 1767 538 1835 ineluctabili
554 1776 589 1836 et
605 1768 809 1837 immutabili
823 1767 933 1849 modo,
950 1789 992 1836 ex
1004 1767 1129 1835 effectu
1141 1762 1251 1849 pusilli
1263 1762 1338 1831 vul·

334 1867 433 1948 neris
449 1868 565 1936 manui
582 1875 694 1948 rectae,
707 1869 820 1950 paullo
832 1889 934 1951 supra
945 1868 1138 1936 iuncturam
1150 1864 1337 1947 digitorum

334 1966 486 2035 inllicti.''

418 2067 612 2136 Narrationi
629 2069 695 2136 iam
711 2070 819 2138 omnis
834 2069 887 2138 fui
902 2069 1065 2148 intentus,
1080 2073 1120 2136 ut
1145 2063 1245 2134 facile
1268 2084 1339 2132 cre-

334 2166 405 2246 des,
420 2168 602 2248 praesagire
619 2169 709 2236 enim
725 2169 811 2251 coepi
827 2191 895 2250 quo
913 2169 978 2236 ista
993 2167 1124 2237 somnia
1146 2163 1338 2235 tenderent

418 2265 702 2348 “Supremitatem
718 2277 752 2337 et
764 2268 1035 2348 auctoritatem‚”
1051 2265 1164 2350 pergit
1176 2263 1338 2346 Godfrey,

335 2364 546 2435 “absolutam
564 2369 714 2437 Armand
731 2369 793 2437 hoc
822 2376 952 2438 secreto
979 2373 1107 2437 tuetur.
1141 2365 1196 2434 Fit
1221 2371 1338 2433 tamen

334 2465 477 2535 subinde
493 2475 532 2535 ut
547 2469 745 2550 proditionis
759 2469 923 2537 illecebris
938 2467 1041 2550 aliqui
1056 2468 1246 2549 capiantur.
1273 2463 1337 2532 Ar·

334 2567 436 2635 mand
452 2568 538 2636 hanc
553 2590 665 2638 arcam
681 2570 716 2638 in
731 2570 923 2639 Americam
939 2568 1054 2637 mittit.
1067 2568 1144 2650 lpse
1160 2587 1228 2635 non
1243 2564 1339 2646 iguo·

335 2675 388 2737 rat
418 2667 488 2735 vim
518 2669 716 2750 proditionis
744 2669 914 2738 illectandi
943 2671 1018 2739 fore
1033 2669 1137 2738 etiam
1154 2666 1335 2745 maiorem;

335 2768 561 2851 proditionem
576 2770 683 2851 timet,
706 2771 990 2839 machinationem
1015 2766 1282 2839 comminiscitur
1301 2764 1337 2834 in

335 2889 422 2949 arca,
439 2891 517 2950 quae
539 2891 674 2951 poenam
704 2870 823 2938 mortis
847 2870 979 2952 infligat
1004 2870 1039 2938 in
1064 2866 1270 2951 proditorem
1296 2885 1338 2934 eo

335 2991 474 3052 prorsus
488 2970 588 3038 modo
603 2992 670 3052 quo
686 2971 756 3052 ipse
772 2992 847 3040 earn
862 2971 1014 3052 infligere
1030 2969 1149 3038 solitus
1159 2967 1203 3036 sit
1214 3001 1254 3010 -
1265 2965 1337 3034 ictu

335 3079 504 3139 venenato
513 3070 547 3138 in
558 3078 685 3139 rectam
696 3093 836 3140 manum
848 3071 1035 3140 inferendo.
1045 3070 1225 3138 Terrorem
1233 3087 1336 3149 quem

335 3171 426 3239 hunc
442 3171 476 3238 in
493 3171 632 3239 modum
648 3174 718 3240 suis
733 3171 911 3240 incusserit
926 3171 1069 3252 asseclis,
1085 3169 1186 3253 facile
1200 3166 1262 3236 tibi
1276 3165 1338 3235 lin·

336 3271 434 3339 xeris.
471 3271 639 3352 Tempore
669 3272 867 3354 proditionis
892 3272 963 3354 ipse
988 3290 1206 3352 nequaquam
1233 3288 1338 3349 prope

336 3378 397 3451 est,
414 3379 449 3439 et
465 3371 617 3452 proditor
633 3379 747 3440 tamen
770 3372 914 3440 moritur
940 3370 1110 3454 extemplo
1136 3375 1171 3437 et
1196 3366 1340 3437 certissi-

336 3471 409 3539 me!
432 3471 555 3539 Mirum
583 3473 736 3554 protecto
765 3494 800 3540 se
831 3472 1011 3541 ulciscendi
1041 3469 1216 3540 consilium
1244 3465 1338 3536 istud

337 3571 406 3639 est!
430 3572 472 3639 Et
489 3572 552 3640 hoc
567 3573 659 3640 omni
674 3579 747 3640 arte
775 3573 896 3641 summi
913 3571 1039 3654 ingenii
1063 3568 1201 3639 effectui
1216 3568 1337 3637 datum

334 3672 416 3740 est.’'

420 3771 716 3854 “Verumtamen'’
747 3795 864 3855 quaero
889 3795 963 3854 ego,
989 3771 1194 3854 “quemnam
1221 3776 1337 3838 actum

336 3872 534 3954 proditionis
548 3874 731 3942 verebatur
747 3874 939 3942 Armand?”

420 3972 567 4041 “Actum
582 3974 754 4056 aperiendi
770 3975 872 4042 foruli
888 3973 1043 4042 occulti.”

421 4072 494 4141 “Tu
510 4095 591 4154 ergo
606 4096 714 4156 usque
729 4074 837 4143 credis
852 4073 1080 4142 mechanisma
1091 4070 1336 4140 venenatum?”

420 4173 533 4242 “Nihil
549 4174 667 4255 magis.
685 4174 856 4243 Funestus
871 4181 1016 4242 eventus
1030 4171 1236 4241 novissimus
1260 4190 1338 4239 con·

336 4274 500 4342 lecturam
513 4274 740 4355 comprobat.”

421 4375 524 4443 “Mihi
540 4374 677 4456 quidem
695 4374 786 4442 haud
803 4375 940 4456 liquet,”
957 4373 1099 4443 obverto
1114 4392 1243 4454 exspes.

421 4475 542 4558 “Quin
558 4476 706 4556 Lestcr,’'
723 4475 914 4543 obtestatur
929 4473 1091 4555 Godfrey,
1107 4472 1182 4540 “res
1197 4472 1271 4540 luce
1287 4491 1339 4539 so·

337 4577 376 4647 lis
391 4577 510 4646 clarior
525 4584 585 4645 est.
602 4576 765 4660 Quisnam
781 4576 834 4644 ille
848 4575 948 4661 gigas
962 4573 1126 4643 barbatus
1140 4570 1234 4643 fuit?
1256 4571 1337 4642 Pro-
