3128 5016
311 751 374 823 138
570 765 780 822 ursrmruu
802 763 910 821 naon
930 759 1050 821 nourr
1106 720 1113 741 ’

308 934 424 1006 docuit
448 933 553 1005 herus
576 934 723 1006 Vantine
749 956 817 1005 non
842 955 918 1005 eam
933 955 1006 1004 esse
1021 955 1126 1018 quam
1140 933 1212 1018 ipse
1227 954 1313 1018 prae·

268 1046 271 1053 '
310 1034 537 1105 stinavisset.”

395 1134 519 1205 “Aime
534 1157 684 1205 errorem
699 1135 734 1206 in
750 1134 1014 1206 transmittendo
1028 1135 1161 1206 factum
1170 1133 1207 1205 Y’

395 1234 469 1306 “Sic
484 1258 557 1305 rem
571 1235 852 1318 existimavimus,
867 1243 972 1319 atque
994 1235 1176 1306 remulcale
1191 1233 1236 1305 ab
1250 1234 1313 1305 Ar·

313 1335 467 1406 mandet
482 1335 550 1405 Fils
564 1335 598 1406 id
613 1334 859 1405 confirmavit”

395 1436 507 1506 Herus
522 1435 745 1506 Homblower
760 1457 944 1519 parumper
965 1434 1184 1507 deliberabat

393 1535 563 1606 “Ubinam
586 1543 640 1605 est
662 1557 741 1605 arca
763 1557 868 1619 quam
890 1534 995 1606 herus
1017 1535 1165 1606 Vantine
1191 1556 1313 1606 revera

312 1637 569 1721 procuravit?
591 1636 716 1719 quaerit
737 1636 894 1719 denique.

397 1736 564 1807 “Omnino
578 1737 702 1807 nescio.
725 1736 883 1807 Fortasse
897 1736 1010 1807 adhuc
1025 1735 1161 1807 Parisiis
1175 1743 1237 1807 eat
1249 1736 1313 1807 Ve-

312 1860 391 1908 rum
407 1837 577 1908 deiectum
604 1836 786 1920 quemdam
811 1857 931 1907 eorum
953 1843 1113 1921 exspecto
1135 1858 1190 1907 me
1216 1836 1312 1908 brevi

314 1937 545 2019 visitaturum,
560 1937 618 2020 qui
634 1958 707 2006 rem
722 1936 897 2007 nobiscum
912 1937 1124 2021 componat”

397 2036 570 2108 Salutator
599 2058 697 2106 meus
724 2037 850 2106 iterum
885 2036 1060 2120 conticuit,
1074 2044 1110 2107 et
1131 2036 1314 2108 obliviosus

313 2138 465 2207 frontem
479 2136 635 2206 fricabat.

397 2236 524 2308 “Valde
539 2243 592 2306 est
605 2237 808 2319 curiosum,”
822 2237 919 2307 fatur
933 2236 1082 2308 tandem.
1098 2236 1154 2309 “si
1167 2259 1246 2308 arca
1258 2258 1317 2308 us·

315 2358 382 2422 que
398 2337 534 2407 Parisiis
547 2345 647 2419 esset,
663 2337 856 2420 putandum
870 2337 962 2407 toret
982 2358 1132 2408 errorem
1156 2336 1313 2422 agnitum

314 2437 421 2507 fuisse
435 2444 621 2520 antequam
635 2459 712 2506 mea
725 2436 829 2507 cliens
844 2436 885 2506 de
901 2458 942 2507 ea
957 2436 1122 2508 scistitata
1136 2438 1256 2508 esset”

398 2536 601 2620 “Complura
615 2537 681 2607 alia
695 2537 784 2607 circa
798 2536 886 2607 banc
907 2559 980 2607 rem
995 2538 1094 2621 plane
1109 2544 1191 2609 sunt
1206 2537 1314 2609 curio

399 2736 659 2822 “Quidquamne
674 2737 821 2808 obstabit
835 2738 1018 2822 quominus
1040 2760 1116 2809 mea
1137 2738 1242 2810 cliens
1261 2760 1313 2810 ar·

315 2861 391 2910 carn
405 2838 557 2922 aspiciat,
572 2838 662 2908 Here
677 2838 797 2908 Lester
805 2839 842 2909 ?”

400 2939 502 3008 Nunc
515 2960 629 3007 meum
645 2946 720 3008 erat
734 2937 901 3008 dubitare.

399 3038 510 3108 “Here
527 3037 778 3121 Hombiower,’'
793 3038 940 3124 denique
962 3039 1129 3124 respondi,
1155 3039 1258 3112 “nihil
1279 3049 1315 3112 te

317 3139 418 3211 celari
434 3139 546 3208 velim.
562 3139 624 3208 Est
638 3139 810 3222 quoddam
831 3140 1032 3223 mysterium
1047 3141 1136 3212 circa
1148 3141 1250 3212 istam
1264 3163 1317 3213 ar·

317 3262 403 3322 cam,
418 3240 510 3323 quod
524 3240 655 3309 solvere
671 3261 771 3322 pares
785 3261 854 3310 non
869 3241 1009 3312 fuimus
1032 3241 1189 3312 Fortasse
1204 3241 1315 3326 legisti

318 3341 425 3411 relata
440 3339 483 3409 de
498 3339 698 3422 mysteriosa
712 3347 822 3409 morte
836 3338 910 3410 heri
925 3341 1082 3424 Vantine,
1108 3341 1316 3427 alteriusque

318 3439 495 3510 cuiusdam
511 3439 640 3519 Franci;
667 3447 812 3523 uterque
836 3447 993 3510 mortuus
1007 3441 1110 3512 estin
1124 3441 1245 3513 εοᾱεω
1259 3463 1318 3513 cu·

317 3540 428 3612 bieulo
442 3539 563 3609 domus
578 3538 735 3621 Vantine,
750 3547 907 3623 uterque,
922 3547 963 3610 ut
977 3540 1125 3624 videtur,
1140 3563 1184 3612 ex
1196 3541 1316 3613 eadem

317 3640 453 3710 causa.”

402 3740 477 3823 lpse
490 3739 620 3809 annuit.

402 3839 647 3909 “Existimasne
663 3839 750 3909 hanc
765 3860 879 3910 arcam
904 3840 972 3910 ulio
995 3839 1097 3911 modo
1119 3841 1163 3912 ad
1178 3862 1317 3912 cauam

318 3940 495 4010 accessisse
505 3939 541 4008 ?”
557 3939 625 4009 cito
641 3939 775 4022 quaerit„

402 4040 476 4110 “lta
490 4039 660 4110 credimus
669 4062 679 4123 ;
701 4041 779 4111 licet
792 4040 971 4125 bucusque
995 4041 1079 4111 nihil
1094 4041 1239 4126 probare
1261 4063 1320 4128 po·
