3150 5468
281 1184 344 1253 288
547 1199 757 1255 nrsranmn
778 1198 886 1253 ARcAE
907 1190 1027 1252 nonna

365 1367 438 1449 Ego
453 1367 694 1436 sustentaculo¹
712 1365 884 1436 haerebam
906 1365 990 1436 dum
1004 1365 1175 1436 clavulare
1188 1385 1289 1435 ruen-

282 1466 325 1535 do
340 1466 626 1550 persultandoque
641 1466 780 1536 orbitas²
800 1467 1108 1550 electrnvagorum³
1118 1466 1187 1536 huc
1202 1472 1238 1536 et
1250 1464 1288 1536 il·

282 1568 336 1636 luc
350 1566 506 1650 nutabat,
522 1567 672 1650 dumque
686 1567 800 1636 oculos
814 1567 965 1637 tenebris
981 1567 1089 1637 noctis
1110 1566 1290 1648 immerge·

284 1667 362 1736 barn
377 1667 549 1748 cogitandi
563 1667 745 1736 studiosus.
778 1668 878 1737 Anne
893 1667 1046 1750 Godfrey
1059 1689 1128 1737 non
1143 1664 1289 1736 erravit?

284 1766 331 1835 nt
345 1774 437 1835 certe
450 1767 504 1835 ille
519 1789 588 1835 non
611 1766 722 1836 errat!
751 1767 936 1837 Instinctus
960 1767 1100 1850 quidam
1123 1764 1291 1836 naturalis

284 1866 318 1936 id
333 1866 416 1934 mihi
431 1866 613 1948 suadebat;
628 1875 664 1936 et
687 1874 803 1936 tamen
818 1867 878 1950 qui
892 1867 1001 1936 valuit
1016 1866 1186 1938 Crochard
1205 1887 1241 1937 se
1256 1887 1291 1936 a·

288 1966 384 2049 genti
401 1966 561 2036 Francico
591 1967 762 2036 sufficere?
791 1967 937 2036 Ubinam
952 1973 1027 2036 erat
1051 1966 1177 2049 pigot?
1196 1966 1291 2037 Num

284 2066 408 2136 alicubi
422 2067 626 2136 convolutus
639 2067 799 2136 cumulus
823 2066 954 2136 iacebat
979 2088 1059 2136 cum
1079 2066 1233 2150 parvulis
1254 2065 1290 2135 in

286 2167 406 2236 dextra
431 2166 656 2236 vulneribus?
680 2166 753 2236 Hoc
778 2165 853 2236 fieri
880 2173 973 2236 certe
995 2188 1065 2237 non
1090 2173 1228 2250 poterat
1249 2201 1292 2212 -

287 2265 400 2348 Grady
415 2273 519 2349 atque
534 2265 724 2336 Sirnmonds
739 2273 848 2336 totam
862 2288 1041 2350 vesperam
1063 2287 1144 2336 cum
1157 2287 1199 2336 eo
1212 2286 1292 2350 ege·

287 2365 386 2435 runt!
413 2366 546 2434 Fierine
561 2366 664 2435 etiam
675 2374 788 2449 posset
803 2373 844 2435 ut
869 2373 973 2436 aetate
987 2373 1172 2450 provectus
1186 2365 1292 2435 Fran·

286 2488 357 2547 cus,
373 2466 498 2548 subtili,
513 2465 655 2535 candida
669 2488 709 2536 ac
724 2488 850 2548 rugosa
864 2466 945 2548 cuti,
969 2488 1049 2536 cum
1059 2466 1147 2536 virili
1155 2467 1292 2549 soleque

287 2573 366 2635 usta
381 2587 534 2648 persona,
550 2587 653 2648 quam
668 2587 734 2648 ego
755 2573 797 2636 ut
823 2565 969 2635 Felicem
993 2565 1146 2636 Armand
1171 2585 1294 2649 cognc

287 2687 415 2747 veram,
430 2665 520 2735 idem
535 2666 640 2735 esset?
656 2666 754 2735 Mens
768 2687 845 2735 mea
856 2666 951 2748 quasi
962 2665 1133 2749 vertigine
1147 2664 1294 2749 gyrabat

288 2765 321 2834 id
336 2765 427 2848 quod
450 2765 523 2835 fieri
546 2765 638 2835 haud
664 2787 761 2848 posse
784 2765 967 2835 videbatur
992 2764 1184 2849 reputando
1204 2771 1294 2836 -et

289 2873 414 2947 tamen,
429 2865 542 2948 aliquo
556 2865 657 2934 modo
671 2866 760 2934 sensi
776 2864 928 2948 Godfrey
941 2887 1010 2935 non
1025 2864 1157 2936 errare!

373 2982 551 3052 Clavulare
581 2990 739 3052 nostrum
772 2983 816 3053 ad
840 2989 969 3052 metam
996 2981 1200 3066 perveniens
1220 2988 1294 3053 tam

290 3083 403 3153 subito
418 3083 554 3152 constiti
592 3089 633 3152 ut
648 3104 713 3165 ego
727 3082 935 3152 convectori⁴
959 3081 1117 3164 illideret,
1130 3080 1297 3152 subsidia·

290 3183 329 3253 rii
345 3189 462 3252 autem
477 3183 569 3252 toras
584 3189 786 3265 proruentes
797 3203 853 3251 me
874 3203 990 3252 secum
1012 3188 1182 3266 raperent
1204 3181 1295 3252 Ante

289 3285 382 3354 tores
412 3282 626 3365 Argentariae
659 3282 993 3352 Dium-Nocturnae
1019 3281 1207 3365 stabamus,
1236 3280 1296 3353 nbi

290 3384 424 3453 lictores
445 3383 539 3452 iussu
556 3382 670 3464 Grady
684 3382 866 3452 aedificium
882 3382 1191 3453 circumfuderunt.

375 3484 530 3552 Alterum
546 3483 717 3552 clavulare
742 3483 810 3552 iam
825 3489 905 3552 ante
928 3483 1022 3553 iores
1035 3482 1160 3566 stabat,
1176 3482 1298 3566 aurka

395 3737 417 3786 1.
436 3732 688 3795 sustentaculum,
706 3734 751 3797 -ii,
768 3741 810 3788 eat
823 3736 944 3802 capulus,
962 3735 991 3788 in
1004 3735 1129 3802 ingressu
1141 3735 1298 3799 clavularis.

292 3818 437 3870 cuiuslibet
451 3818 564 3869 alterius
576 3817 705 3878 vehiculi,
728 3833 810 3881 quem
823 3819 851 3871 in
865 3819 951 3885 gradu
968 3824 1084 3881 stanna,
1106 3824 1155 3873 ant
1171 3835 1301 3875 conscen-

292 3902 396 3962 dentes,
410 3917 494 3953 manu
506 3902 687 3967 prehendunt,
702 3919 737 3954 ne
750 3903 897 3956 elidantur.

392 3988 417 4037 2.
442 3983 555 4048 Orbita,
572 4001 619 4038 ·ae:
634 3987 741 4052 proprie
752 3987 902 4053 vestigium
918 3993 1043 4040 rotarum
1054 3987 1085 4040 in
1096 3988 1218 4054 pulvere,
1231 3988 1299 4050 luta,

293 4070 338 4121 vel
352 4069 428 4122 molli
442 4075 528 4130 terra,
546 4070 592 4122 hic
604 4071 724 4136 longinii
736 4071 828 4131 ferrei,
840 4071 900 4124 sive
916 4071 1045 4133 tenuvia,
1062 4071 1108 4125 cui
1124 4077 1193 4126 rote
1209 4078 1302 4127 vecta·

294 4153 420 4206 bulorum
432 4153 574 4206 insistunt.

395 4237 420 4288 3.
441 4234 674 4303 Εἱεοινουαρωη,
692 4236 723 4298 -i,
739 4244 803 4290 sunt
815 4238 960 4292 vectabula
973 4238 1002 4291 vi
1019 4237 1149 4292 electrina
1164 4243 1236 4302 acta,
1252 4255 1301 4293 un·

296 4321 329 4374 de
343 4325 370 4373 et
384 4320 513 4374 Germani
526 4334 607 4374 suum
619 4336 729 4388 wayen,
747 4320 886 4388 (vaqum),
903 4322 969 4376 hinc
982 4320 1105 4376 vicinaim
1122 4321 1207 4390 Angli
1220 4338 1301 4379 auam

296 4418 400 4471 wayon
412 4405 645 4472 deprompserunt,

397 4491 423 4543 4.
443 4488 609 4554 connector,
626 4489 674 4554 -ia,
692 4489 910 4546 sociuaitineria.
