3128 5016
642 1818 792 1887 CAPUT
814 1819 923 1886 XXIV

624 2007 801 2073 Secrelum
819 2006 930 2072 Arcen.

362 2188 532 2256 Gounnuu
554 2188 635 2254 mihi
651 2188 685 2255 in
701 2187 870 2269 crepidine
886 2188 1056 2267 valedixit,
1073 2195 1107 2255 et
1123 2186 1164 2253 ad
1181 2209 1277 2255 suam

279 2289 444 2356 officinam
461 2288 664 2369 properavit,
681 2295 720 2355 ut
736 2295 881 2355 eventus
896 2287 960 2355 diei
976 2288 1009 2354 in
1026 2294 1174 2354 tractatu
1191 2309 1279 2354 com·

279 2388 512 2470 prehenderet‚
529 2387 685 2468 quocirca
701 2387 781 2453 milri
798 2387 909 2454 iamin
922 2395 1134 2455 antecessum
1150 2394 1278 2454 consta-

279 2488 335 2556 bat
351 2510 430 2556 eum
455 2509 566 2554 mores
590 2488 816 2566 Americanos,
841 2488 1027 2568 praesertim
1054 2509 1139 2569 quos
1165 2486 1279 2568 Grady

279 2588 488 2666 exhibuerat,
501 2586 770 2668 perstricturum.
784 2587 966 2666 Caeterum,
979 2587 1069 2667 quod
1081 2586 1187 2654 adme
1202 2586 1279 2654 atti·

279 2696 346 2767 net,
364 2687 426 2755 iste
443 2687 497 2754 vel
514 2686 665 2754 modicus
681 2687 767 2753 aeris
789 2686 864 2754 salsi
881 2687 1026 2754 haustus
1040 2686 1104 2754 cibi
1119 2693 1279 2767 appeten·

279 2789 361 2855 tiam
376 2787 465 2855 haud
484 2809 604 2868 parum
621 2786 791 2854 exacuisse
808 2787 889 2854 mihi
905 2786 1054 2868 parebat,
1071 2786 1161 2856 unde
1176 2786 1279 2867 pilen-

279 2896 314 2956 to
324 2887 495 2955 meritorio
505 2908 559 2953 me
571 2886 613 2954 ad
626 2886 765 2967 Murray
777 2886 1035 2954 convehendum
1050 2886 1175 2965 censui,
1187 2885 1277 2966 quod

278 2997 437 3056 caeteram
463 3009 614 3068 vesperae
641 2994 773 3067 partem
789 3008 895 3055 coenae
917 2987 1052 3055 lautiori
1076 2986 1279 3054 accumbens

278 3088 479 3169 explendam
505 3087 619 3154 statui.
643 3086 825 3166 Caeterum,
852 3087 913 3154 nisi
941 3087 1003 3155 sim
1019 3087 1053 3154 in
1070 3094 1162 3155 certo
1184 3093 1277 3153 statu

277 3187 390 3266 animi,
405 3208 514 3267 ganea
530 3186 670 3266 Murray
686 3209 752 3253 non
764 3208 817 3254 me
829 3186 1012 3255 admodum
1024 3187 1167 3254 allectat.
1179 3186 1278 3253 Tem·

278 3289 371 3369 plum
387 3287 420 3354 in
437 3286 564 3367 angulo
580 3286 894 3367 pseudo-Graecum,
910 3309 988 3355 cum
1004 3309 1092 3368 aqua
1119 3308 1179 3368 per
1202 3307 1278 3366 gra·

278 3388 342 3456 dus
367 3387 579 3466 decurrente,
606 3387 694 3453 lictae
720 3385 797 3453 dein
823 3386 932 3455 nubes
957 3408 1035 3468 quae
1058 3408 1118 3468 per
1139 3386 1278 3466 laquear

278 3487 412 3556 fluitare
427 3486 640 3566 simulantur,
656 3508 783 3554 mensae
800 3486 918 3554 vitreae
940 3486 983 3554 ab
1009 3486 1076 3554 imo
1101 3486 1277 3554 illustratae

279 3594 455 3655 -cuncta
470 3587 552 3665 haec,
569 3587 765 3667 quotidiano
781 3587 917 3668 quidem
942 3609 1034 3655 more
1058 3585 1213 3667 vulgaria
1228 3584 1278 3652 vi·

279 3688 404 3756 dentur
419 3709 458 3754 ac
474 3686 573 3764 trita;
596 3686 739 3754 subinde
755 3694 880 3766 tamen,
897 3709 1004 3768 quum
1021 3687 1156 3754 animus
1170 3685 1202 3753 in
1218 3707 1276 3753 cu·

278 3788 364 3855 riosa
380 3809 418 3854 ac
435 3785 612 3867 peregrina
627 3786 744 3865 inhiat,
759 3808 868 3866 ganea
884 3787 1023 3867 Murray
1039 3786 1157 3868 placet,
1169 3806 1276 3866 quum

278 3888 371 3955 lauta
386 3886 660 3954 muliercularum
676 3886 884 3966 indumenta,
899 3887 1046 3954 nitentes
1061 3885 1203 3965 humeri,
1220 3907 1275 3952 ve·

279 3987 439 4067 nustique
454 3986 573 4054 vultus
588 3987 621 4053 in
637 3987 700 4054 hac
715 3987 871 4067 congerie
887 3986 1104 4067 ineptiarum,
1120 3985 1201 4053 satis
1216 4007 1275 4052 va-

279 4087 350 4156 lent
365 4108 443 4171 quae
459 4086 571 4154 animo
587 4086 668 4170 quid
684 4086 814 4170 pictorii
829 4109 868 4156 ac
884 4086 1005 4171 poetici
1030 4093 1217 4169 suggerant
1237 4107 1276 4155 ac
