3150 5468
652 1254 832 1310 unmonn
852 1254 995 1310 mura
1266 1239 1330 1309 149

406 1420 653 1493 “Erdstimasne
666 1445 721 1493 me
737 1423 771 1493 in
786 1423 951 1493 eiusmodi
972 1445 1009 1494 re
1035 1421 1153 1493 falli?”
1180 1421 1333 1493 obtesta.

324 1529 383 1592 tur
397 1544 448 1604 ea.
463 1521 567 1592 “mihi
582 1524 682 1594 crede
698 1523 785 1593 hanc
800 1545 914 1593 arcam
931 1523 1103 1607 quondam
1118 1545 1232 1593 meam
1245 1523 1330 1594 fuis·

321 1643 368 1692 se.
385 1620 626 1706 lndulgebisne
636 1624 672 1693 ?”
695 1624 884 1706 subiungit,
900 1645 1040 1707 unoque
1054 1645 1174 1707 gressu
1191 1623 1331 1707 propius

323 1723 366 1792 ad
380 1744 457 1793 eam
472 1725 622 1794 accessit.

404 1840 593 1924 “Exspecta
607 1864 801 1926 parumper,
815 1865 892 1913 mea
908 1842 1030 1924 Hera,”
1047 1843 1224 1927 interpello
1238 1863 1329 1922 eam,

321 1939 538 2025 “Antequam
564 1964 676 2011 arcam
706 1951 897 2013 contrectes
921 1943 1085 2012 monitam
1100 1952 1135 2013 te
1150 1966 1224 2013 esse
1250 1944 1329 2012 volo

322 2041 503 2125 perniciem
520 2051 555 2111 te
571 2042 631 2111 tibi
646 2042 913 2113 invocaturam.”

404 2141 622 2225 “Pemiciem
638 2143 688 2212 ais
702 2145 784 2215 tul”
800 2166 924 2227 meque
935 2151 1077 2227 stupens
1087 2143 1328 2227 contuebatur,

403 2241 622 2312 “Extremam
638 2244 830 2326 perniciem,
846 2253 885 2313 ut
900 2245 968 2313 iam
995 2244 1076 2313 hero
1100 2243 1323 2312 Homblower

320 2343 475 2426 explicui.
498 2342 617 2413 Causis
630 2345 743 2413 fretus
758 2344 1004 2414 sufficientibus
1017 2346 1119 2414 credo
1143 2344 1210 2413 iam
1236 2343 1323 2412 duos

320 2443 413 2511 viros
426 2450 594 2513 temerare
609 2445 780 2514 occultum
795 2445 890 2514 illum
906 2446 1058 2514 forulum
1083 2445 1250 2515 audentes
1275 2444 1326 2513 fa·

323 2549 418 2611 ctum
433 2543 506 2612 vita
521 2544 656 2613 luisse.”

404 2642 469 2711 “Ni
486 2644 586 2713 fallor
601 2644 706 2713 herus
721 2644 944 2714 Homblower
958 2645 1083 2728 aliquid
1099 2647 1173 2714 eius
1186 2644 1322 2727 generis

317 2741 400 2811 mihi
418 2745 651 2825 memoravit‚”
667 2766 783 2813 secum
792 2745 968 2825 muticbat;
979 2745 1035 2813 “at
1051 2745 1123 2813 haec
1135 2745 1248 2814 omnia
1260 2744 1325 2813 uti·

318 2864 385 2925 que
401 2866 534 2912 errores
549 2846 660 2914 sunt.”

401 2944 682 3028 “Forulumergo
714 2947 846 3014 nullum
873 2967 1045 3014 venenum
1074 2945 1237 3014 tuetur?’'
1260 2945 1321 3014 sci·

318 3044 429 3113 scitor.

399 3145 600 3215 “Venenum
610 3147 646 3214 ?'’
663 3146 787 3229 repetit
803 3146 875 3229 ipsa
891 3168 1011 3228 prosus
1027 3147 1156 3229 ignara,
1172 3145 1319 3216 mocinio

315 3244 358 3313 ad
374 3246 461 3315 labia
477 3246 600 3314 levato.
623 3246 721 3314 “Non
739 3246 865 3329 capio.'’

399 3362 470 3431 lam
486 3363 673 3433 sentiebam
690 3364 855 3432 theoriam
880 3385 991 3433 meam
1018 3363 1177 3432 funditus
1202 3362 1320 3432 collabi

315 3469 350 3530 et
366 3462 527 3531 radicitus
541 3464 659 3532 everti.
682 3465 833 3548 Godfrey
848 3464 971 3533 intueri
989 3485 1094 3532 ausus
1108 3485 1174 3530 non
1191 3484 1277 3531 sum.

410 3578 508 3648 “Non
535 3603 618 3663 ergo
643 3581 906 3650 mechanismate
932 3580 1068 3650 forulus
1093 3580 1224 3660 nititur,
1251 3601 1320 3648 me·

313 3677 533 3761 chanismate‚
549 3681 639 3763 quod
656 3703 764 3764 quum
781 3683 913 3750 forulus
927 3682 1084 3751 evellitur
1100 3680 1185 3749 duos
1200 3679 1320 3748 dentes

313 3788 501 3849 venenatos
515 3781 549 3849 in
566 3803 688 3850 manus
703 3782 886 3863 aperientis
900 3782 1130 3850 eiaculeturl”

398 3896 522 3966 “Nullo
538 3899 648 3979 modo,
670 3897 760 3967 Here
786 3898 934 3978 Lester,”
952 3898 1024 3980 ipsa
1050 3896 1223 3979 respondit
1249 3904 1320 3965 stu·

312 4018 405 4080 pens.
433 3996 536 4066 “Mihi
559 3998 659 4067 crede
686 3998 914 4067 mechanisma
940 3998 1085 4080 idgenus
1108 3996 1162 4065 hic
1183 3997 1316 4065 nullum

311 4097 415 4165 Μ’),

395 4214 466 4282 Iam
482 4223 517 4284 et
533 4215 687 4284 ultimam
704 4216 822 4284 salutis
838 4215 998 4295 tabulam,
1020 4223 1055 4283 et
1080 4213 1166 4283 hanc
1192 4213 1314 4282 exilem

313 4314 533 4397 apprehendi.

394 4431 645 4502 “Mechanisma
659 4433 828 4516 interponi
844 4440 977 4516 poterat
993 4454 1036 4499 ex
1047 4453 1117 4513 quo
1131 4452 1173 4499 ex
1186 4438 1246 4498 tua
1258 4452 1315 4498 ex·

308 4531 409 4602 cessit
423 4534 623 4615 potestate‚”
639 4534 805 4616 suggessi.
