3128 5016
315 759 378 829 126
579 772 789 829 urscmruu
809 772 917 828 Ancon
938 767 1057 829 noune

313 963 476 1027 sponsum
490 949 745 1025 exspectassem,
760 941 911 1012 anticum
936 941 1095 1011 conclave
1121 939 1318 1025 persultnvi,

314 1042 474 1125 foresque
489 1042 524 1110 in
540 1041 706 1111 ambitum
722 1041 886 1112 ducentes
899 1041 967 1111 cito
981 1041 1109 1125 aperui

398 1142 506 1212 Parks
517 1150 553 1212 et
567 1142 697 1226 Rogers
706 1142 800 1224 foris,
815 1141 850 1211 in
865 1141 1008 1223 mmula,
1023 1141 1058 1211 in
1074 1140 1216 1224 ambitu,
1227 1140 1320 1212 sede·

314 1243 415 1324 bant;
430 1263 608 1326 nunquam
622 1249 724 1312 antea
738 1241 808 1312 vidi
823 1241 909 1312 duos
922 1241 1076 1312 homines
1093 1241 1178 1312 adeo
1193 1248 1320 1326 perter-

315 1342 408 1414 ritos.

397 1442 485 1512 “Per
499 1443 648 1513 Deorum
661 1442 773 1526 fidem,
788 1441 879 1512 Here
894 1443 1012 1513 Lester
1022 1442 1051 1512 !”
1073 1441 1239 1512 halitabat
1253 1441 1318 1512 Ro-

314 1564 403 1627 gers,
418 1543 477 1626 qui
492 1543 649 1612 manibus
663 1543 780 1626 gulam
796 1543 966 1627 stringens
987 1543 1108 1613 stabat

398 1642 533 1712 “Herus
547 1642 742 1726 Godfreyne
757 1643 786 1713 is
799 1643 893 1713 est?”
908 1643 1032 1713 clamat
1047 1643 1163 1713 Parks
1185 1723 1188 1730 ¹

398 1742 550 1827 “Aliquis
563 1751 616 1813 est
628 1742 683 1812 hic
697 1743 790 1813 foris
820 1743 874 1814 Ad
899 1764 1041 1813 manum
1065 1742 1213 1813 habesne
1238 1742 1321 1813 sclo-
1434 1822 1438 1833 Δ

314 1842 451 1927 pelium,
466 1842 599 1913 Pnrks?

397 1941 472 2013 “Ita
485 1942 624 2025 habeo,”
637 1942 795 2026 idemque
809 1965 829 2013 e
844 1942 976 2014 saoculo
990 1942 1124 2013 evulsit„

397 2043 598 2113 Emanibus
611 2043 684 2113 eius
708 2043 743 2114 id
767 2043 886 2127 eripui,
907 2043 1026 2127 aperm
1040 2043 1176 2125 ostium,
1193 2041 1320 2113 concel-

314 2142 366 2213 los
380 2143 531 2225 transilii,
545 2143 711 2227 iuxtaque
725 2165 864 2213 murum
878 2143 922 2214 ad
937 2143 1105 2227 angulum
1120 2163 1230 2227 usque
1245 2163 1320 2226 nro

314 2264 484 2414 reps¹bein
499 2345 589 2413 omni
620 2365 696 2414 mea
721 2344 863 2414 audacia
885 2351 1036 2427 evocate,
1061 2343 1188 2414 circum
1212 2364 1319 2413 oornu

314 2443 482 2514 assultum
496 2444 624 2514 molior.

399 2544 509 2614 Nemo
524 2544 558 2613 in
573 2553 756 2628 conspectu
772 2552 864 2626 emt;
886 2544 945 2614 sed
959 2565 979 2613 e
995 2543 1143 2628 quodam
1157 2543 1229 2614 loco
1243 2565 1320 2629 pro-

314 2643 443 2729 pinquo
468 2644 654 2715 cachinnus
674 2644 856 2715 derisorius
869 2644 913 2715 od
928 2665 1030 2715 aures
1043 2665 1138 2715 meas
1151 2644 1317 2729 pervenit
