3128 5016
278 728 342 799 304
551 745 755 799 ursrsruuu
772 745 878 799 lucre
903 737 1021 799 nouus

278 913 410 996 gressui
426 921 542 983 nostro
557 913 745 983 interesset.
761 912 914 995 Benigne
930 934 1107 983 assensum
1124 911 1282 995 praebuit.

278 1012 446 1082 Certiores
461 1013 565 1082 etiam
580 1035 643 1083 vos
665 1035 738 1082 esse
753 1012 861 1095 volo,’'
879 1012 954 1082 viso
978 1012 1093 1095 Grady
1114 1012 1280 1082 diffidenti

279 1113 414 1194 obtutu,
431 1113 572 1183 “herum
587 1114 678 1183 hunc
692 1137 770 1183 vere
793 1113 894 1196 Pigot
908 1134 991 1194 esse,
1001 1112 1138 1183 servitii
1152 1111 1282 1183 Securi·

280 1213 360 1282 tatis
375 1214 590 1295 Parisiorum,
606 1236 674 1283 non
698 1221 815 1283 autern
839 1213 1040 1283 Crochard.’'

364 1312 528 1383 “Prorsus
543 1314 621 1395 ita,”
637 1315 685 1383 ait
694 1314 797 1383 herus
812 1312 923 1396 Pigot,
938 1320 1040 1397 gestu
1063 1312 1213 1396 quodam
1226 1312 1283 1383 de·

280 1414 497 1496 precatorio.”
511 1414 583 1497 Ego
598 1414 668 1497 ipse
680 1413 960 1497 sum-quamvis
974 1413 1130 1483 conscius
1143 1412 1282 1483 matrimi

280 1513 461 1595 dedecoris,
478 1514 569 1597 quod
583 1514 618 1582 in
634 1514 840 1584 tendiculam
863 1535 885 1583 a
904 1512 1075 1584 Crochard
1088 1512 1173 1583 mihi
1187 1534 1283 1597 para·

281 1621 353 1682 tam
368 1614 552 1683 incideram
566 1614 734 1683 incautus.
767 1614 800 1682 Is
825 1620 942 1685 tamen
957 1614 1059 1684 homo
1073 1620 1127 1683 est
1140 1612 1284 1683 vaferri-

282 1716 391 1783 mus.''

366 1813 606 1884 “Assimulatio
627 1815 683 1884 illa
708 1823 800 1886 certe
826 1816 914 1885 mira
937 1814 1039 1897 fuit,'’
1065 1814 1180 1884 refero
1208 1835 1282 1897 ego.

281 1913 374 1984 “Imo
384 1922 418 1984 et
434 1916 510 1997 plus
525 1915 559 1984 id
573 1917 688 1984 vocari
702 1916 758 1985 fas
772 1924 833 1999 est,
848 1937 973 1999 nempe
995 1914 1140 1985 alienam
1171 1934 1284 1998 perso·

284 2037 364 2083 nam
381 2015 540 2084 simulare
555 2022 591 2084 et
606 2015 794 2084 ementiri.'’

365 2114 556 2184 “Crochard
571 2116 744 2185 occasione
755 2138 832 2185 mea
842 2117 1048 2186 lineamenta
1058 2114 1208 2184 discendi
1215 2136 1285 2184 non

282 2215 422 2296 caruit‚''
437 2215 598 2284 immotus
613 2215 786 2298 respondit
794 2216 899 2285 herus
913 2216 1022 2298 Pigot
1053 2212 1152 2297 “lpse
1166 2222 1285 2285 autem

282 2315 316 2383 in
332 2315 464 2384 cunctis
479 2337 558 2397 quae
572 2315 711 2397 suscipit
726 2315 853 2384 artifex
868 2322 930 2384 est.
960 2313 1154 2398 Aliquando
1168 2320 1285 2383 tumen

282 2414 413 2497 capiam
429 2436 509 2483 eum
520 2450 557 2459 -
567 2436 692 2484 urceus
706 2415 797 2484 enirn
813 2415 958 2499 quisque
973 2421 1119 2497 puteum
1133 2412 1286 2497 aliquan·

282 2515 326 2583 do
341 2537 410 2583 uno
426 2515 502 2596 plus
517 2536 616 2597 aequo
631 2515 711 2583 adit.
727 2515 875 2584 Nullane
890 2522 943 2584 est
952 2536 1030 2599 spes
1040 2535 1121 2584 eum
1135 2512 1200 2597 hic,
1210 2514 1286 2583 Neo

284 2614 435 2692 Eboraci,
451 2615 604 2696 capiendi
611 2615 648 2684 ?”

367 2714 452 2783 “Vix
468 2736 540 2783 esse
556 2714 732 2783 existimo''
755 2715 802 2784 ait
818 2714 980 2796 Godfrey.

368 2813 480 2883 “Cave
495 2822 566 2882 tam
583 2814 628 2883 sis
642 2821 758 2884 certus
770 2815 801 2885 !’'
817 2814 934 2884 incidit
950 2813 1066 2897 Grady
1082 2834 1145 2884 suo
1160 2813 1287 2897 ponde·

284 2937 330 2983 re.
346 2913 433 2983 “Res
452 2936 529 2983 mea
543 2914 691 2983 necdum
721 2923 773 2984 est
788 2915 945 2984 absoluta
964 2950 1004 2960 -
1023 2914 1117 2985 nullo
1146 2934 1287 2997 prorsus

283 3022 382 3097 pacto
392 3014 421 3081 !''

368 3114 538 3196 “Ignosce,
554 3115 701 3195 obsecro,
717 3115 807 3184 Here
823 3115 932 3197 Pigot,
948 3114 1040 3198 quod
1053 3113 1137 3184 hero
1159 3114 1241 3184 huic
1251 3122 1286 3185 te

284 3237 351 3284 non
361 3215 462 3293 stiti‚'’
472 3216 568 3283 fatur
580 3214 930 3296 Godlrey,“herushic
939 3222 991 3285 est
1003 3214 1191 3298 Grady,qui
1199 3236 1288 3298 prae·

283 3316 397 3383 fectus
407 3322 533 3383 nostrae
544 3314 691 3383 decuriae
700 3323 866 3397 agentum
880 3315 960 3396 suin
980 3314 1290 3385 hicautemesthe·

284 3437 343 3483 rus
359 3414 560 3493 Simmonds,
576 3438 595 3483 e
611 3415 772 3483 membris
794 3415 921 3484 consilii
935 3415 1020 3496 eius;
1037 3414 1089 3483 vir
1103 3413 1158 3484 hic
1182 3413 1289 3485 herus

286 3515 415 3595 Lester,
431 3515 628 3595 advocatus,
653 3536 819 3597 meusque
841 3514 973 3585 amicus
988 3522 1059 3596 est;
1083 3514 1138 3583 vir
1151 3514 1207 3585 hic
1231 3514 1290 3585 be·

285 3637 344 3683 rus
353 3614 529 3683 Shearrow
541 3623 603 3695 est,
615 3616 787 3684 consultor
798 3636 896 3684 meus
904 3614 1072 3698 proprius
1084 3614 1290 3687 HerusGra·

285 3715 340 3796 dy,
356 3715 460 3783 herus
483 3714 683 3796 Simmonds,
709 3723 813 3797 atque
836 3715 942 3785 herus
965 3715 1085 3785 Lester
1109 3722 1211 3785 nocte
1232 3714 1291 3785 he·

286 3815 431 3895 stema,''
460 3815 581 3883 blande
604 3815 790 3895 subiunxit,
816 3815 945 3897 “quum
957 3815 1127 3887 Crochard
1135 3814 1290 3886 forulum

289 3917 459 3985 occultum
475 3924 667 3997 aperuerat,
682 3916 783 3984 simul
798 3915 1065 3986 interfuerunt.”

375 4016 489 4098 Grady
505 4016 629 4085 sensim
646 4015 768 4085 rubore
797 4023 850 4085 est
870 4016 1037 4099 suffusus,
1059 4015 1142 4100 quin
1164 4023 1202 4087 et
1224 4038 1292 4101 ego
