3128 5016
619 779 796 833 CAUTELAE
1166 765 1207 833 81

207 946 265 1016 sed
285 969 353 1016 non
377 970 482 1017 manu
506 947 713 1017 humana-
728 948 848 1016 saltem
873 970 941 1017 non
966 948 1046 1016 data
1073 948 1207 1029 opera’*

207 1046 270 1116 Hic
301 1048 448 1117 conticui
473 1048 610 1117 concius
635 1070 689 1116 me
716 1048 788 1116 sine
813 1071 872 1130 spe
902 1049 1079 1118 fluctuare.
1111 1047 1208 1117 “Tibi

206 1169 307 1228 nunc,
322 1147 483 1230 Godfrey,
498 1148 664 1230 explicare
679 1149 842 1230 neque0,’'
856 1149 935 1229 dixi,
950 1170 1004 1217 me
1019 1149 1116 1230 quasi
1130 1171 1209 1230 pur·

207 1268 301 1326 gans.
324 1246 500 1316 “Necdum
515 1248 597 1316 mihi
613 1248 779 1317 hactenus
793 1248 835 1316 ad
852 1249 989 1330 penitus
1013 1249 1208 1329 excogitan-

207 1346 290 1415 dum
315 1348 424 1417 otium
451 1349 647 1431 suppetivit.
670 1350 858 1418 Tantulum
884 1349 945 1418 tibi
972 1371 1034 1431 pro
1059 1371 1128 1417 uno
1154 1349 1208 1416 die

208 1446 383 1516 sufficiet.”

300 1547 424 1617 “Recte
439 1550 587 1630 mones,”
601 1549 649 1618 ait
664 1550 697 1618 in
724 1572 778 1618 me
805 1550 970 1629 renidens,
987 1549 1115 1617 “habeo
1130 1549 1212 1617 satis

211 1669 273 1729 pro
288 1671 357 1717 uno
373 1648 436 1717 die.
460 1649 561 1718 Nunc
578 1650 644 1718 iam
660 1652 746 1719 vale.
769 1650 839 1720 Sub
860 1651 980 1719 itinere
1005 1672 1126 1718 versus
1151 1649 1208 1717 do-

210 1770 303 1816 mum
319 1750 407 1818 circa
423 1749 569 1818 mediam
585 1758 730 1831 noctem,
746 1751 773 1819 si
798 1774 852 1819 res
879 1759 961 1820 tunc
992 1751 1144 1830 finivero,
1170 1757 1206 1818 te

208 1849 349 1917 visam.'’

291 1949 440 2032 Suspirio
456 1951 621 2032 respondi.
637 1951 790 2021 Sollertia
805 1952 954 2033 Godfrey
971 1951 1052 2019 mihi
1065 1951 1207 2019 subinde

208 2049 348 2118 taedium
366 2051 541 2119 afferebat.
561 2053 629 2119 lam
644 2052 883 2134 cupidissimus
906 2053 1030 2133 quietis
1054 2074 1158 2130 eram,
1170 2059 1205 2119 et

209 2157 323 2217 tamen
340 2158 410 2218 tam
434 2153 543 2219 multa
571 2160 772 2233 supererant
798 2153 958 2220 curanda.
983 2153 1050 2231 Ille,
1067 2152 1200 2220 tametsi

208 2250 352 2317 sciebam
368 2273 447 2319 eum
463 2251 633 2320 laboribus
649 2253 785 2334 plenum
798 2253 886 2320 diem
898 2253 1059 2333 exegisse,
1070 2274 1208 2319 munus-

209 2371 275 2432 que
305 2350 335 2417 ei
357 2350 505 2420 historiae
521 2351 668 2432 plurium
682 2352 824 2420 antium'
843 2353 955 2420 diurni
980 2351 1208 2420 exscribendae

210 2472 316 2532 usque
332 2450 517 2532 imminere,
534 2459 648 2521 tamen
664 2459 738 2520 erat
754 2453 882 2520 viribus
898 2474 1024 2520 recens.

293 2566 417 2635 “Recte
434 2568 587 2649 statuis,”
602 2570 769 2651 respondi.
794 2569 848 2637 “Si
865 2570 980 2637 lumen
997 2569 1030 2636 in
1055 2569 1207 2636 fenestra

210 2689 285 2735 mea
301 2667 434 2748 videris,
450 2669 603 2737 ascende.
616 2669 673 2738 Sin
690 2670 812 2749 minus
828 2692 881 2737 me
898 2669 1096 2737 decubuisse
1112 2670 1206 2748 scitc;

210 2767 236 2834 si
253 2788 335 2834 vero
350 2789 404 2834 me
421 2769 647 2849 suscitaveris
664 2777 698 2837 te
715 2770 895 2838 occidam.''

293 2866 425 2948 “Leges
449 2869 536 2948 pacti
562 2869 698 2950 prob0,”
724 2869 837 2937 ridens
864 2869 1047 2950 respondit,
1063 2869 1145 2937 dum
1162 2869 1205 2937 illi

209 2967 333 3035 ostium
349 2967 460 3049 pandi.

294 3068 341 3136 Ut
356 3069 390 3135 in
406 3068 537 3137 ambitu
555 3076 717 3149 revertor,
734 3069 842 3137 Parks
857 3069 938 3136 mihi
957 3069 1112 3137 occurrit.

294 3167 445 3250 “Rogers
460 3170 494 3237 in
510 3171 636 3238 lectum
662 3170 825 3250 condidi,”
850 3171 931 3237 mibi
958 3171 1081 3238 retulit.
1106 3171 1209 3239 “Cras

211 3290 309 3336 mane
325 3269 379 3337 ille
394 3269 520 3337 iterum
536 3269 671 3338 valebit.
696 3271 770 3352 lpse
787 3277 901 3338 tamen
927 3271 1027 3338 homo
1054 3272 1208 3340 curiosus

211 3370 294 3438 est.''

295 3469 425 3552 “Quam
442 3470 499 3538 diu
516 3493 595 3538 eum
610 3471 744 3550 novisti,
760 3470 907 3538 Parks?”

294 3568 472 3652 “Quinque
488 3593 595 3638 annos
610 3571 681 3652 ipse
698 3569 789 3651 apud
807 3570 953 3638 Vantinc
968 3572 1090 3652 exegit.
1107 3573 1207 3641 Haud

211 3671 356 3739 multum
382 3670 424 3738 de
452 3693 492 3738 eo
516 3672 602 3751 sci0;
626 3680 681 3739 est
704 3672 774 3753 ipsc
800 3671 899 3738 homo
916 3671 1207 3751 taciturnus;non

212 3772 320 3838 multa
344 3771 507 3852 propalat,
532 3779 654 3839 cuncta
679 3793 793 3839 secum
818 3771 979 3839 sollicitus
1013 3772 1208 3841 meditatur.

314 3991 336 4040 1.
356 3986 533 4041 Columellas
545 3989 704 4040 diurnorum
712 3989 936 4053 (ephemeridum)
949 3988 987 4039 sic
1002 3989 1103 4040 rectius
1117 3991 1207 4042 vocari

213 4073 342 4133 arbitron
359 4076 453 4134 antea,
468 4071 585 4124 dotium
600 4073 716 4132 ordines,
729 4073 818 4132 strias,
833 4072 932 4137 strigas
944 4072 1049 4132 Latine,
1062 4079 1170 4126 sonant.
