3128 5016
444 765 619 822 mnnoms
640 765 781 832 ouban
802 766 1016 822 saturanon
1172 747 1243 822 1³5

234 931 469 1017 cuiuscunque
483 933 639 1004 advocati
662 934 764 1005 huius
787 934 884 1019 regni
905 934 954 1005 ita
979 940 1241 1019 superaverunt,

236 1039 277 1102 ut
292 1031 328 1102 hi
342 1033 484 1117 triginta
499 1035 630 1105 libellae¹
647 1041 783 1105 tantum
798 1057 871 1105 esse
886 1034 1095 1106 viderentur.

319 1133 455 1205 Etenim
486 1134 634 1206 Serenus
664 1135 887 1206 Homblower
919 1135 1241 1206 iuriumconsultum

236 1233 442 1317 optimatum
468 1243 663 1305 nostrorum
685 1235 900 1306 fiduciarium
929 1236 1010 1320 egit.
1044 1235 1082 1306 ld
1110 1257 1238 1306 munus

239 1334 309 1417 ipse
323 1336 450 1405 multos
464 1358 573 1406 annos
585 1336 702 1420 gessit,
716 1344 822 1420 atque
836 1337 931 1406 fama
945 1337 1016 1406 fert
1031 1337 1163 1407 nullum
1178 1358 1241 1407 un·

236 1455 341 1517 quam
356 1435 391 1504 in
407 1437 580 1519 publicum
594 1437 759 1520 probrum
772 1437 958 1506 devenisse.
989 1437 1136 1507 Clientes
1150 1458 1241 1508 sum·

235 1537 292 1604 ma
306 1539 389 1605 cura
404 1537 543 1620 selegit;
575 1537 715 1620 negotia
740 1537 1017 1607 millionariorum
1037 1536 1241 1621 Pittsburgi·

235 1656 364 1718 corum,
380 1637 516 1706 tametsi
532 1659 696 1720 perquam
711 1638 899 1720 fructuosa,
915 1659 1093 1721 nunquam
1107 1659 1175 1707 non
1189 1660 1241 1708 re·

234 1736 387 1818 cusavit;
402 1737 461 1806 sed
476 1759 683 1820 magnopere
698 1737 761 1807 sibi
775 1737 867 1807 cordi
882 1759 956 1807 esse
971 1737 1118 1820 videtur,
1130 1758 1239 1822 eoque

234 1835 398 1919 superbit,
413 1845 454 1907 ut
469 1837 583 1921 opinio
597 1839 760 1921 famaque
776 1838 1005 1908 vetustiorum
1020 1838 1238 1920 familiarum,

233 1935 367 2006 etiamsi
382 1938 560 2021 progenies
575 1959 694 2008 earum
710 1937 914 2022 quandoque
930 1940 965 2007 in
979 1937 1176 2022 turpissima
1190 1938 1239 2008 in-

233 2035 376 2106 ciderint
391 2038 524 2121 probra,
539 2046 631 2108 sarta
646 2047 737 2109 tecta
757 2045 987 2108 servarentur.
1003 2037 1114 2122 Siquis
1127 2059 1147 2107 e
1162 2060 1238 2122 pro·

234 2135 327 2218 sapia
350 2138 394 2206 sit
418 2137 640 2222 “Pilgrimsl’²
664 2148 726 2209 aut
748 2138 979 2221 “Patroons,”³
1001 2139 1105 2208 herus
1129 2138 1238 2208 Horn·

235 2237 360 2307 blower
382 2239 510 2309 nullam
537 2240 684 2323 amplius
705 2239 1033 2309 commendationem
1059 2239 1103 2309 ab
1123 2261 1164 2309 eo
1178 2260 1237 2308 ex·

233 2336 307 2420 igit.

317 2439 503 2510 Prudentia
518 2447 553 2509 et
568 2440 753 2523 sagacitate
768 2440 802 2509 in
816 2440 955 2509 clientes
969 2438 1154 2509 incredibili
1168 2440 1237 2510 clu·

334 2725 358 2775 1.
375 2722 486 2775 Phrasis
499 2721 668 2783 Americana,
680 2738 742 2790 quse
753 2722 825 2775 idem
837 2722 896 2775 fere
908 2722 983 2776 valet
1001 2723 1073 2787 quod
1096 2722 1120 2776 si
1137 2723 1234 2777 Roma·

235 2823 272 2861 no
285 2822 359 2859 more
371 2807 537 2859 diceremus:
556 2806 710 2859 Proventus
722 2806 781 2859 eius
793 2806 918 2859 teruncio
931 2806 1083 2860 censendus
1108 2813 1158 2868 est,
1175 2805 1235 2859 loco

233 2891 413 2944 talentorum.

334 2975 358 3026 2.
371 2974 539 3027 Vocabulum
551 2974 681 3027 Latinum
695 2979 860 3040 corruptum,
872 2989 887 3026 e
899 2973 1050 3027 Latinitate
1063 2973 1145 3026 lledii
1157 2970 1235 3036 AEvl,

233 3073 317 3124 quum
337 3057 555 3124 peregrinator,
577 3065 605 3111 et
625 3057 813 3125 peregrinus,
836 3058 984 3111 vocabatur
1004 3059 1102 3118 viator,
1116 3058 1163 3124 qui
1176 3057 1234 3111 selo

233 3141 376 3208 religionis
397 3142 502 3202 ductus,
516 3142 710 3208 Hierosolyma,
722 3148 771 3194 aut
784 3141 933 3208 quemlibet
953 3141 1043 3194 locum
1062 3141 1138 3193 fama
1155 3141 1235 3195 mira·

234 3225 357 3277 culorum
369 3225 507 3278 cluentem
522 3225 613 3292 longis
625 3225 771 3278 itineribus
794 3225 891 3286 visum,
906 3231 934 3277 et
947 3225 981 3277 ad
994 3240 1070 3277 sacra
1083 3224 1234 3277 exercenda

233 3308 310 3361 adiit.
328 3308 391 3361 Itali
415 3309 480 3361 inde
504 3310 636 3362 cuderunt
655 3306 828 3376 pellegrino,
856 3324 889 3361 ex
913 3308 965 3360 boc
983 3307 1110 3361 Germani
1123 3305 1231 3374 pilger,

232 3391 373 3460 pilorum,
389 3391 522 3460 pilgrim,
538 3393 610 3445 unde
621 3392 704 3458 Angli
717 3408 796 3445 suum
818 3392 1034 3457 desumpserunt,
1046 3390 1126 3444 modo
1138 3396 1232 3446 tamen

233 3493 266 3529 eo
278 3477 410 3530 vocabulo
422 3476 526 3543 Anglos
550 3476 705 3542 designant,
729 3475 776 3542 qui
789 3475 868 3541 primi
882 3475 912 3527 in
924 3490 984 3527 eam
1009 3480 1115 3540 partem
1133 3473 1234 3528 Civita-

233 3567 293 3613 tum
307 3559 513 3614 Foedecatarum
526 3559 724 3626 demigrarunt,
738 3575 799 3626 quae
812 3559 869 3611 Neo
883 3558 984 3625 Anglia
995 3557 1155 3624 appellatur.
1183 3558 1235 3611 llo·

233 3660 293 3697 rum
307 3644 413 3697 soboles
435 3643 601 3710 antiquitate
624 3643 821 3709 nobilitateque
846 3641 955 3706 generis
976 3641 1124 3694 clarescere
1149 3641 1233 3708 vulgo

233 3728 434 3781 existimantur.

333 3813 359 3864 3.
377 3811 544 3863 Vocabulum
565 3810 693 3863 Latinum
712 3810 1020 3864 GermanoBatavorum
1038 3807 1233 3874 orthographia

233 3896 406 3961 exscriptum,
418 3911 472 3961 quo
485 3895 587 3946 domini
606 3894 816 3947 latifundiorum
831 3894 859 3946 in
873 3893 992 3947 civitate
1004 3893 1084 3945 modo
1096 3892 1154 3944 Neo
1166 3890 1233 3943 Ebo-

232 3995 339 4040 racena,
353 3979 491 4046 quondam
504 3978 560 4030 Neo
572 3978 827 4038 Amstelodamensi,
844 3977 927 4030 certis
938 3975 1092 4042 privilegiis
1104 3975 1231 4027 fruentes

233 4063 434 4116 indicabantur.
