3150 5468
283 1236 345 1306 292
545 1252 753 1307 nrsnnnrun
775 1251 884 1306 anca
904 1244 1024 1306 nourr

284 1420 505 1503 dispectabat‚
522 1421 691 1503 palpando
706 1420 834 1504 aliquid
850 1421 947 1490 iuxta
967 1440 1077 1490 unum
1093 1421 1185 1491 latus
1199 1441 1292 1504 quae·

286 1520 423 1602 ritabat,
438 1520 585 1603 denique
600 1521 636 1589 in
651 1521 811 1603 pulvinar
825 1520 953 1590 recidit.

370 1621 437 1700 Qui
452 1642 493 1689 ea
507 1629 606 1690 nocte
622 1620 763 1690 domum
777 1621 812 1689 in
829 1620 1010 1690 Marathon
1021 1621 1186 1704 venerim,
1197 1643 1293 1704 pror-

286 1741 346 1789 sus
360 1741 429 1789 non
443 1721 591 1789 memini.
614 1721 812 1791 Verosimile
835 1727 890 1790 est
913 1719 1058 1804 pedibus
1082 1728 1212 1791 memet
1232 1722 1291 1792 do

287 1840 383 1888 mum
398 1821 598 1902 contulisse;
621 1821 769 1903 primum
784 1820 876 1903 quod
890 1820 1029 1891 memini
1040 1829 1116 1892 erat
1130 1843 1185 1891 me
1200 1821 1293 1892 domi

288 1941 372 2001 esse,
386 1928 422 1990 et
437 1920 472 1989 in
487 1921 647 1990 artisellio
668 1921 815 1990 maxime
839 1921 1016 1991 commodo
1039 1921 1217 1992 sedentem
1237 1923 1294 1992 fu-

288 2041 393 2089 mare.
426 2020 525 2103 Quod
550 2021 649 2090 fuma
674 2043 816 2090 accensa
840 2028 915 2090 erat
939 2029 1147 2104 argumento
1170 2029 1224 2092 est
1238 2044 1295 2094 me

289 2141 365 2189 eam
380 2121 584 2202 mechanice‚
609 2123 752 2203 fereque
775 2122 925 2191 alienum
951 2129 1069 2192 mente
1092 2122 1295 2207 accendisse,

289 2220 428 2302 perinde
452 2228 557 2304 atque
582 2222 711 2291 otiandi
732 2222 895 2291 amictum
910 2221 1069 2292 induisse.
1092 2222 1237 2306 Respexi
1258 2223 1295 2293 in

289 2320 535 2402 horologiolum
550 2322 688 2404 vidique
704 2321 823 2391 horam
838 2343 943 2405 prope
957 2321 1025 2391 iam
1040 2328 1200 2405 quartam
1211 2343 1295 2393 esse

374 2421 545 2490 Verticem
556 2422 677 2505 capitis
689 2422 756 2490 mei
772 2429 949 2505 tamquam
963 2421 1053 2492 febri
1067 2422 1187 2493 ardere
1195 2423 1296 2506 sensi,

291 2521 513 2602 quamobrem
546 2522 716 2590 latrinaml
755 2521 939 2604 ingressus,
970 2528 1074 2605 caput
1105 2522 1297 2606 epistomio¹

291 2642 391 2701 aquae
400 2621 521 2703 gelidae
530 2621 700 2704 supposui.
709 2621 771 2690 Hic
780 2621 862 2689 mihi
870 2622 1020 2705 stringor
1027 2621 1212 2693 admodum
1221 2642 1299 2706 pro-

291 2720 370 2802 ruia
387 2743 495 2803 quum
510 2729 627 2791 autem
642 2743 697 2790 me
706 2721 845 2790 sabano³
856 2722 1024 2791 acerrime
1032 2721 1298 2805 perfricuissem,

294 2821 403 2890 multo
418 2821 539 2890 melius
556 2844 611 2891 me
629 2821 742 2890 habui.
761 2823 881 2905 Itaque
892 2820 1014 2891 moxin
1027 2820 1226 2892 artisellium
1247 2843 1299 2892 re·

292 2942 423 3002 versus
447 2922 554 2990 totius
575 2944 727 3004 vesperae
753 2928 900 2991 eventus
921 2919 1136 2991 commodum
1151 2921 1299 2992 recolere

293 3022 390 3103 coepi;
416 3022 525 3104 reperi
548 3029 664 3090 tamen
687 3022 840 3090 animum
855 3022 940 3091 adeo
964 3022 1127 3105 languere
1151 3028 1193 3091 ut
1217 3028 1298 3093 ante

293 3121 411 3190 oculus
425 3143 518 3190 meos
532 3122 658 3191 iterum
674 3122 741 3190 atri
757 3122 872 3191 circuli
885 3128 1059 3205 gyrarent.

377 3221 471 3291 “lam
484 3223 602 3291 monui
619 3222 769 3304 Godfrey
785 3245 840 3292 me
855 3223 978 3292 harum
999 3243 1116 3292 rerum
1130 3221 1213 3292 nibil
1226 3244 1299 3292 arn·

294 3321 382 3404 plius
396 3322 563 3391 sustinere
580 3323 708 3405 posse,'’
721 3344 856 3392 mecum
871 3321 1076 3404 mussabam,
1087 3343 1127 3392 ac
1142 3321 1215 3392 sine
1229 3342 1300 3392 mo-

294 3444 332 3491 ra
347 3422 381 3490 in
397 3422 552 3491 lectuale⁴
578 3445 633 3491 me
655 3423 766 3505 recepi
788 3422 993 3504 cubiculum,
1016 3443 1085 3491 non
1110 3421 1182 3492 sine
1197 3421 1301 3493 mole·

295 3522 360 3590 stia
374 3544 429 3591 me
444 3523 533 3603 exui,
548 3523 731 3605 lumenque
747 3522 901 3591 exstinxi.

377 3623 468 3690 Dum
484 3623 518 3690 in
530 3624 616 3691 lecto
628 3622 795 3691 cubabam
808 3620 971 3690 insomnis
982 3620 1141 3692 tenebras
1151 3620 1301 3696 intuens,

295 3722 432 3791 aculeus
455 3723 558 3791 unius
580 3722 794 3804 cogitationis
809 3721 851 3790 ad
874 3720 1077 3804 erigendum
1091 3743 1146 3792 me
1162 3720 1198 3792 in
1213 3721 1303 3793 lecto

294 3844 350 3891 me
365 3822 537 3904 compulit.

397 4041 420 4090 1.
438 4037 578 4100 Latrim,
601 4054 648 4091 -ae:
670 4044 843 4091 contractum
861 4056 876 4091 e
895 4037 1058 4101 lavatrino,
1079 4037 1244 4100 cubiculum,
1261 4052 1305 4091 ct·

297 4139 372 4175 mera
385 4123 432 4174 ubi
447 4139 496 4174 nos
511 4122 642 4174 lavamus.

395 4208 419 4257 2.
438 4204 647 4271 Epistomium‚
665 4205 713 4258 oi:
728 4222 781 4272 quo
795 4222 893 4272 aquam
911 4223 926 4258 e
944 4205 1113 4267 canaliculis
1126 4204 1185 4258 sive
1197 4203 1304 4258 tubulis

296 4305 374 4341 versa
388 4290 507 4349 cochlea,
521 4290 564 4341 vel
580 4290 722 4350 recticula,
734 4290 867 4342 elicimus.

398 4374 421 4426 3.
439 4371 598 4434 Sdbunum,
616 4371 664 4424 -a'is
683 4373 810 4432 mantele,
830 4373 959 4433 mantela,
977 4369 1137 4435 mantelurn‚
1162 4377 1301 4425 manuter-

298 4457 384 4521 gium,
398 4472 451 4522 quo
465 4457 512 4522 qui
525 4456 641 4515 vultum,
655 4462 703 4508 aut
716 4472 821 4516 manus,
834 4456 941 4517 laverit,
954 4457 1087 4523 deterget.

395 4542 419 4592 4.
436 4537 584 4602 Lectuole,
601 4538 650 4602 -o'a,
668 4556 704 4592 n.:
719 4539 883 4601 cubiculum,
897 4539 945 4592 ubi
958 4537 1052 4592 tutu·
1069 4543 1134 4592 stat.
