3150 5468
288 1259 351 1328 212
550 1273 758 1328 nnsmmuu
779 1273 888 1328 Auem
911 1268 1029 1329 noum

289 1442 403 1512 minus
417 1443 489 1525 ipse
504 1443 665 1512 advenire
686 1449 809 1526 posset,
835 1465 958 1526 meque
988 1443 1050 1513 has
1074 1467 1129 1514 res
1152 1445 1293 1517 admini-

290 1542 435 1612 nistrare
450 1543 579 1612 iussit.'’

374 1643 526 1727 Godrrey
540 1643 575 1712 in
590 1645 702 1712 lenem
717 1644 824 1712 risum
839 1645 962 1727 erupit.

374 1743 509 1826 “Grady
524 1744 659 1814 Cannas
672 1766 751 1814 suas
765 1744 828 1813 sibi
843 1744 1037 1827 impendere
1065 1747 1169 1815 sentit
1182 1747 1211 1815 !”
1234 1748 1292 1817 ait.

290 1843 385 1913 “Nec
400 1844 511 1913 clades
536 1866 599 1913 sua
623 1846 723 1926 longe
749 1844 866 1913 abesse
892 1853 999 1927 paret.
1022 1844 1088 1916 Sed
1103 1847 1155 1916 tui
1170 1849 1292 1930 gratia,

290 1943 491 2026 Simmonds,
506 1945 641 2027 gaudeo
657 1981 698 1989 -
723 1946 883 2014 futurum
907 1945 1016 2014 sentio
1039 1953 1080 2015 ut
1102 1969 1145 2016 ex
1170 1948 1233 2018 hac
1256 1971 1293 2018 re

291 2043 384 2113 haud
400 2067 521 2127 parum
537 2046 655 2127 gloriae
669 2046 704 2114 in
721 2054 754 2115 te
772 2045 940 2114 redundet
951 2045 979 2114 !’'

376 2143 563 2227 “Equidem
590 2145 734 2214 libenter
765 2147 886 2214 vellem
915 2146 1082 2228 credere‚’'
1112 2149 1294 2230 respondet

291 2243 483 2314 Simmonds
497 2246 712 2328 fulgentibus
727 2268 788 2329 pro
812 2254 985 2314 momento
1011 2248 1124 2317 oculis.
1147 2247 1295 2318 “Arcera

291 2344 386 2415 brevi
402 2345 542 2428 aderit‚’'
557 2346 742 2415 subiunxit.
766 2345 888 2414 “Nunc
905 2367 985 2415 vero
1011 2347 1142 2417 iuvabit
1167 2349 1296 2418 calceos

292 2451 427 2515 nostros
438 2446 589 2528 induere,
606 2455 641 2516 et
656 2447 691 2515 in
705 2445 996 2528 contignationem
1012 2448 1221 2529 superiorem
1245 2471 1296 2518 re·

291 2545 374 2628 dire,
392 2547 576 2630 videreque
592 2555 710 2617 utrum
726 2547 809 2630 quid
830 2546 1027 2616 adiumento
1042 2547 1087 2617 illi
1103 2548 1231 2618 misello
1246 2571 1295 2619 es

292 2667 329 2716 se
344 2647 480 2730 possit.”

377 2746 491 2816 “Nihil
518 2747 705 2817 adiumenti
722 2748 768 2817 illi
783 2749 898 2817 afferri
926 2771 1023 2831 posse
1048 2749 1225 2831 arbitror,”
1248 2751 1296 2819 ait

294 2846 444 2930 Godfrey
460 2848 658 2918 lassitudine
673 2849 867 2929 confectus;
891 2848 971 2918 “sed
987 2857 1101 2918 tamen
1118 2856 1235 2919 tutum
1256 2872 1296 2919 ac

294 2954 409 3017 ratum
424 2947 512 3017 duco
525 2955 566 3018 ut
581 2971 660 3018 eum
676 2949 908 3031 aspiciamus,”
925 2949 1051 3031 quibus
1076 2949 1173 3018 dictis
1199 2949 1296 3019 nobis

294 3047 330 3117 in
345 3047 512 3117 ambitum
528 3049 774 3132 prodeuntibus
796 3049 918 3131 praeiit.

377 3148 450 3217 Nec
475 3150 613 3218 memini
639 3150 745 3218 donec
772 3148 964 3218 Simmonds
989 3149 1081 3230 loqui
1105 3149 1217 3231 coepit,
1240 3172 1295 3219 me

293 3248 531 3318 discalceatum
557 3271 639 3319 esse.
673 3250 794 3331 ltaque
820 3249 915 3318 iuxta
945 3248 1095 3330 Godfrey
1111 3248 1235 3330 desedi,
1257 3271 1296 3318 ac

294 3349 458 3418 laboriose
474 3351 601 3419 calceos
616 3371 709 3418 meos
724 3349 852 3431 induxi,
879 3371 947 3430 quo
974 3350 1067 3418 facto
1091 3371 1171 3418 eum
1193 3357 1296 3432 atque

294 3449 486 3520 Simmonds
500 3450 628 3532 gradus
645 3449 865 3518 ascendentes
880 3449 1083 3518 subsecutus
1098 3471 1184 3518 sum.

380 3550 469 3633 Quid
484 3550 638 3632 Godfrey
653 3551 688 3618 in
710 3551 823 3618 animo
846 3551 1028 3618 volvitaret
1051 3550 1135 3618 scire
1161 3572 1215 3618 me
1237 3572 1298 3632 pu·

295 3651 428 3732 tabam;
443 3651 514 3733 ipse
530 3651 619 3718 enim
634 3650 695 3719 sibi
711 3650 793 3718 vitio
808 3649 964 3718 vertebat
980 3649 1066 3718 hanc
1078 3649 1295 3718 novissimam

295 3751 540 3830 calamitatem;
562 3772 636 3818 earn
652 3773 687 3819 se
702 3749 889 3832 praevidere
905 3757 940 3818 et
965 3757 1120 3818 avertere
1147 3750 1295 3831 potuisse

295 3851 357 3921 sibi
374 3850 571 3930 dictitabat;
593 3873 672 3919 narn
690 3851 752 3918 sibi
768 3850 870 3918 moris
885 3856 968 3930 erat,
985 3849 1012 3918 si
1029 3871 1081 3918 res
1105 3850 1138 3916 in
1166 3858 1297 3919 contra-

296 3951 384 4021 rium
399 3951 583 4020 currebant
599 3972 671 4019 sese
685 3951 822 4032 culpare
846 3986 886 3993 -
902 3957 936 4017 et
952 3959 1027 4018 tum
1042 3949 1077 4017 in
1092 3970 1196 4018 causa
1222 3971 1295 4020 esse

295 4074 331 4122 se
357 4073 463 4134 quare
486 4050 652 4119 homicida
677 4050 739 4118 sibi
765 4051 860 4132 quasi
887 4072 905 4117 e
932 4049 1090 4118 manibus
1105 4048 1294 4130 effugeret!

294 4152 439 4234 Fingere
455 4151 489 4220 in
505 4151 617 4219 animo
632 4151 714 4219 mihi
730 4159 882 4231 poteram
898 4171 1039 4231 gravem
1063 4149 1166 4217 animi
1190 4149 1296 4219 offen·

292 4251 431 4333 sionem,
447 4273 525 4334 quae
540 4273 637 4320 suam
652 4250 810 4319 fiduciam
825 4250 877 4319 sui
893 4249 1128 4318 concusserat!

378 4352 571 4421 Novissima
596 4351 734 4420 victima
759 4351 794 4418 in
821 4350 974 4418 tabulato
998 4357 1078 4418 ante
1099 4349 1236 4418 ianuam
1258 4350 1293 4419 in

293 4452 488 4522 cubiculum
502 4453 646 4521 interius
661 4452 853 4532 ducentem,
870 4451 927 4519 ubi
942 4456 1127 4530 corruerat,
1153 4449 1293 4520 iacebat.

292 4552 484 4625 Simmonds
499 4552 542 4622 ad
556 4553 743 4623 fenestram
759 4551 908 4634 accessit,
934 4552 1027 4620 foros
1050 4550 1222 4636 patefecit,
1243 4557 1293 4622 at·
