3128 5016
577 772 993 827 enouuuruucnuuuins
1264 758 1284 826 5

283 941 345 1021 sti;
368 949 413 1023 et,
427 948 467 1009 ut
482 939 530 1009 ita
551 939 670 1022 dicam,
692 940 727 1009 in
749 939 838 1010 diem
860 941 1075 1022 senescimus,
1097 940 1285 1023 eademque

283 1041 414 1110 ratione
434 1040 672 1110 assuetudines
692 1040 858 1110 eiusmodi
883 1041 990 1124 pluris
1013 1041 1170 1111 iacimus.
1195 1041 1286 1110 Prae·

281 1149 386 1222 terea,
401 1163 491 1210 nova
506 1141 628 1211 domus
641 1163 767 1210 novam
782 1141 934 1224 exigeret
948 1141 1216 1223 instructionem,
1227 1163 1286 1211 no·

283 1264 362 1311 vam
384 1242 624 1325 supellectilem
639 1242 702 1287 -'’

366 1342 520 1412 Cessavit
533 1342 656 1425 paullo,
671 1349 707 1411 et
717 1342 753 1410 in
763 1341 918 1412 cubiculo
928 1342 1177 1424 circumspexit.
1187 1342 1286 1425 Quae·

282 1465 350 1526 que
371 1464 450 1525 pars
465 1441 681 1524 supellectilis
695 1463 781 1524 opus
794 1442 863 1511 fuit
876 1442 1025 1524 artificis,
1041 1463 1114 1511 suae
1128 1441 1212 1511 artis
1226 1463 1285 1524 pe·

282 1541 441 1612 ritissimi.

366 1641 421 1712 “Si
434 1649 526 1712 recte
540 1663 703 1725 auguror,
715 1641 798 1711 dum
813 1642 1083 1726 peregrinabans
1092 1642 1218 1711 iterum
1228 1642 1286 1711 ali-

281 1743 363 1827 quid
379 1744 458 1813 novi
474 1742 664 1824 invenisti,”
679 1743 732 1812 aio
746 1742 804 1824 illi,
817 1741 886 1812 “ita
900 1743 990 1812 enim
1011 1743 1106 1812 soles.
1132 1742 1286 1812 Fortuna

281 1844 342 1913 tibi
359 1865 492 1927 semper
506 1842 663 1912 arridet.”

367 1943 450 2025 “Sic
467 1965 548 2012 sane
569 1979 594 1989 -
616 1950 650 2013 et
667 1943 730 2013 hoc
744 1949 797 2013 est
808 1951 916 2013 curte
927 1944 1101 2013 consulere
1112 1943 1282 2025 optabam.

281 2043 388 2114 Senas
397 2045 451 2113 vel
467 2051 606 2113 octonas
621 2065 675 2113 res
688 2064 823 2113 mecum
838 2043 949 2124 retuli;
959 2064 1017 2112 eas
1031 2043 1092 2112 tibi
1104 2043 1284 2112 confestim

281 2145 468 2213 ostendam.
481 2143 623 2213 Cunctae
634 2151 716 2213 sunt
727 2143 867 2225 scitulae,
879 2166 949 2212 una
959 2151 1077 2212 autem
1088 2143 1284 2226 ipsapulch·

282 2244 396 2313 ritudo
411 2253 473 2313 est.
490 2245 562 2314 lmo
576 2245 654 2326 plus
668 2265 709 2312 ea
724 2250 777 2313 est
794 2279 832 2288 -
849 2265 934 2327 opus
955 2242 1137 2326 singularis
1151 2242 1283 2312 artificii

281 2352 342 2413 est.
359 2345 498 2426 Verum,
513 2366 574 2428 pro
588 2343 678 2413 maia
691 2345 843 2425 fortuna,
859 2365 926 2413 non
942 2365 1058 2413 meum
1074 2343 1158 2412 est.”

364 2444 475 2527 “Quid
490 2443 557 2514 ais!
579 2465 648 2513 non
664 2450 716 2514 est
732 2451 832 2513 tuum
841 2444 877 2512 ?”

365 2544 463 2613 “Non
479 2552 541 2625 est,
556 2566 618 2614 nec
644 2544 712 2614 scio
727 2544 824 2613 cuius
839 2544 891 2614 sit
908 2543 943 2614 si
958 2544 1087 2625 scirem,
1109 2545 1284 2626 praestina-

281 2666 363 2713 rem.
374 2645 417 2714 Et
427 2645 489 2714 hoc
500 2652 552 2714 est
569 2644 661 2728 quod
673 2651 795 2713 temeo
807 2644 943 2713 nomine
957 2645 1071 2713 facere
1091 2643 1203 2712 velim.
1223 2643 1284 2712 Est
1304 2690 1309 2699 -

280 2753 397 2815 autem
419 2767 460 2814 ea
474 2766 553 2814 arca
567 2745 673 2814 Boule
688 2780 729 2788 -
744 2766 862 2827 parem
877 2745 975 2814 cuius
989 2744 1059 2813 vidi
1074 2744 1283 2826 nunquam.”

364 2845 566 2915 “Undenam
592 2844 821 2928 importata?”
844 2867 961 2928 quaero
977 2867 1019 2913 cx
1034 2866 1075 2913 eo
1090 2844 1200 2927 magis
1214 2865 1284 2912 ma·

280 2947 402 3030 gisque
418 2954 569 3029 stupens.

365 3046 531 3128 “Parisiis,
554 3053 674 3129 estque
698 3045 742 3116 ad
768 3068 823 3115 me
846 3046 983 3116 directa.
1007 3045 1120 3115 Unam
1146 3052 1283 3115 tantum

279 3169 417 3217 causam
441 3147 524 3215 mihi
550 3146 680 3230 fingere
704 3168 803 3229 queo,
819 3153 1060 3216 convasatores
1084 3168 1206 3230 nempe
1222 3145 1284 3214 Pa·

280 3247 415 3317 risiacos
430 3269 569 3329 errasse,
585 3269 699 3316 arcam
713 3247 854 3316 alterius
868 3247 1043 3317 cuiusdam
1055 3246 1137 3316 mihi
1148 3248 1284 3316 mitten·

280 3347 333 3429 do,
349 3369 460 3416 meam
475 3355 591 3416 autern
607 3346 736 3416 alteri.”

364 3447 504 3516 “Emisti
519 3447 626 3530 igitur
640 3469 745 3517 unam
754 3447 791 3516 ?”

364 3547 459 3616 “Emi
481 3569 595 3629 unam,
618 3548 677 3617 sed
703 3570 743 3618 ea
765 3570 833 3617 non
855 3549 1021 3631 pervenit.
1054 3549 1100 3618 At
1124 3549 1180 3618 illa
1203 3549 1282 3618 huic

278 3656 475 3731 comparata
488 3670 592 3731 nugae
605 3670 710 3718 merae
725 3657 815 3718 sunt.
837 3648 947 3718 Homo
963 3671 1060 3718 meus
1080 3649 1189 3719 Parks
1209 3650 1281 3732 heri

279 3770 355 3817 eam
369 3771 388 3817 c
403 3748 552 3831 portoria
572 3749 710 3831 accepit.
732 3747 905 3832 Siquidem
926 3749 961 3818 in
982 3749 1185 3820 indicatione
1206 3772 1283 3820 mea

279 3859 318 3919 ut
334 3870 412 3918 arca
427 3849 532 3918 Boule
543 3849 669 3918 indicta
683 3855 767 3931 erat,
783 3850 841 3919 sed
858 3871 952 3919 error
966 3872 1075 3934 usque
1085 3873 1126 3920 eo
1137 3851 1282 3934 delituit,

279 3949 385 4018 donec
401 3949 475 4031 ipsa
490 3969 569 4017 arca
583 3949 650 4018 huc
666 3949 778 4018 delata
792 3957 1000 4033 evasataque
1016 3952 1099 4020 est.”

364 4048 438 4117 “An
455 4048 489 4116 in
506 4048 656 4130 portoria
671 4057 745 4118 erat
760 4050 910 4120 cratibus
925 4051 1082 4120 soluta?”
