3150 5468
623 2273 773 2341 CAPUT
796 2273 872 2340 XXI

416 2459 569 2538 Godsrcu
586 2459 754 2524 Fabulam
774 2459 948 2524 Poeticam
969 2459 1076 2525 Texit.

331 2640 468 2708 Vnicum
491 2641 556 2707 iam
573 2640 657 2721 crepi
682 2662 723 2708 ne
751 2662 858 2721 uuum
886 2663 951 2707 nox
978 2640 1043 2708 iam
1072 2641 1105 2707 in
1133 2662 1248 2709 serum

247 2751 414 2819 vergeret,
431 2741 591 2821 (iridfrey,
608 2743 665 2822 qui
685 2742 794 2807 visum
823 2763 876 2807 me
903 2750 1088 2808 venturum
1116 2763 1151 2808 sc
1175 2763 1248 2822 spu

248 2841 420 2920 panderat,
438 2863 490 2908 me
509 2843 650 2919 falleret,
667 2863 774 2921 quum
792 2841 937 2921 denique
953 2849 1091 2919 uratum
1118 2842 1192 2909 eius
1213 2841 1246 2907 in

248 2941 347 3007 ianua
364 2942 498 3022 pulsum
516 2941 641 3008 audivi.
653 2941 824 3008 Festinavi
841 2940 883 3007 ad
901 2963 980 3009 eum
999 2941 1248 3009 admittendum

245 3051 279 3107 et
297 3063 372 3107 mox
391 3041 536 3108 intellexi
553 3065 571 3108 e
587 3042 730 3123 suspirio
747 3041 965 3119 allevationis
979 3063 1046 3122 quo
1067 3063 1102 3108 se
1119 3041 1151 3107 in
1168 3041 1248 3109 arti·

248 3141 378 3208 sellium
411 3142 538 3221 recidit,
570 3163 672 3222 quam
701 3151 788 3209 esset
821 3141 950 3208 viribus
980 3141 1161 3222 animaque
1193 3140 1249 3209 de·

248 3241 367 3309 fessus.

332 3341 401 3409 “Te
418 3342 560 3410 subinde
577 3343 695 3420 visere,
713 3351 905 3422 tecumque,
922 3341 967 3409 mi
998 3341 1126 3421 Lcster,
1151 3341 1249 3410 colio-

247 3441 315 3522 (μή,
332 3464 385 3508 me
403 3463 521 3509 revera
547 3442 682 3520 reficit‚”
711 3443 806 3509 satur
832 3442 961 3509 interea
984 3442 1066 3509 dum
1095 3441 1247 3509 oblatum

246 3541 485 3608 convolvulum
507 3542 635 3623 accipit.
660 3542 701 3608 Et
719 3542 807 3608 bono
832 3541 945 3608 animo
960 3542 993 3608 in
1011 3565 1065 3609 me
1083 3541 1248 3622 renidens,

248 3642 374 3721 percit:
399 3642 461 3708 “Et
479 3653 553 3722 pust
569 3643 759 3709 exantlatus
773 3642 898 3710 arduus
913 3642 975 3709 diei
1000 3642 1131 3710 labores
1157 3641 1248 3723 quie·

247 3751 315 3808 tem
332 3741 413 3808 mihi
430 3742 562 3808 asiert.''

330 3841 426 3908 “Nan
445 3842 597 3923 profecto
613 3843 739 3923 capi0,’'
768 3843 895 3924 excipio
910 3864 983 3921 cao,
1000 3841 1111 3909 “unde
1134 3848 1249 3910 tantas

247 3942 336 4009 vires
351 3941 497 4008 haurias,
522 3942 588 4009 Istc
606 3943 727 4010 unicus
742 3965 840 4011 casus
855 3965 908 4011 mc
925 3950 1059 4010 tantum
1075 3941 1166 4023 quod
1179 3963 1246 4010 non

246 4042 382 4108 omnino
400 4042 615 4122 prostravit.”

331 4141 516 4221 “Equidem
532 4141 622 4209 haud
640 4163 728 4222 saepe
746 4151 814 4209 tam
843 4142 875 4208 in
902 4141 1104 4209 laboriosum
1130 4163 1245 4209 casum

247 4240 455 4320 incidimu5,''
474 4242 653 4322 respondet
671 4241 702 4308 in
726 4243 805 4309 sella
831 4242 970 4309 reclinis
994 4242 1105 4320 “Quin
1130 4251 1169 4309 ut
1191 4263 1247 4310 ve·

248 4362 322 4406 rum
341 4342 460 4419 fatear,
476 4341 541 4408 iam
559 4341 688 4408 dudum
705 4341 785 4408 nihil
803 4342 946 4408 tractavi
962 4341 1052 4422 quod
1070 4341 1247 4409 huiccom-

247 4441 433 4520 parandum
451 4450 548 4508 essct.
572 4442 668 4510 Circa
685 4442 829 4523 plurima
851 4442 976 4510 scelera
997 4441 1080 4509 nihil
1108 4462 1247 4523 prorsus

245 4540 395 4624 mysterii
412 4541 494 4610 est.''
