3128 5016
279 755 342 825 290
542 769 751 824 nvsrumun
773 768 881 823 Anca
902 760 1023 824 noum

280 939 379 1008 modo
394 962 414 1009 e
429 939 523 1008 sedili
538 960 695 1022 prorsum
711 937 836 1007 decidit
851 972 892 982 —
912 958 981 1020 quo
1002 935 1076 1006 viso
1100 935 1168 1006 huc
1193 935 1289 1018 irrui,

280 1060 320 1108 ac
342 1062 403 1122 per
438 1040 658 1122 telephonum
685 1038 867 1107 stationem
890 1037 1068 1120 appellavi,
1092 1044 1130 1106 at
1154 1058 1291 1120 respon·

283 1161 360 1208 sum
380 1140 462 1208 mihi
478 1147 530 1209 est
554 1147 589 1208 te
614 1140 681 1208 iam
706 1139 774 1207 huc
789 1138 986 1220 profectum
1008 1158 1101 1218 esse;
1117 1136 1290 1207 tunchinc

281 1239 493 1323 prodivimus
508 1261 656 1322 eumque
672 1239 740 1307 huc
756 1238 949 1307 inveximus
964 1272 1005 1282 -
1019 1259 1083 1307 nee
1094 1238 1173 1320 plus
1187 1236 1287 1307 scio.”

370 1339 528 1409 “Nihilne
544 1340 704 1409 audivisti
720 1375 762 1383 -
776 1339 910 1407 nullum
926 1359 1049 1406 sonum
1063 1337 1166 1406 luctae
1181 1336 1219 1407 ?”

370 1439 534 1509 “Nullum
552 1461 673 1509 sonum
688 1438 815 1519 audivi,
831 1437 940 1519 llere;
956 1437 1039 1506 nihil
1054 1437 1224 1520 prorsus”

367 1538 460 1609 “Nec
478 1541 547 1609 ullo
564 1539 665 1608 modo
682 1537 864 1608 meministi
885 1538 943 1607 ubi
963 1537 1114 1607 illealter
1129 1535 1292 1607 excessis·

284 1647 337 1709 set
345 1639 382 1710 ?”

370 1738 471 1808 “Non
487 1739 657 1808 memini.’'

371 1838 505 1909 “Herus
520 1838 711 1909 Simmonds
724 1838 879 1908 vidulum
897 1859 1043 1921 parvum
1059 1858 1178 1908 secum
1193 1835 1296 1907 habe

287 1939 403 2008 bat-
427 1940 782 2009 animadvertistine‘l'’

371 2038 639 2121 “Animadverti
655 2041 758 2109 etiam
774 2038 916 2122 quaesivi
932 2038 967 2108 in
982 2059 1096 2121 curru,
1108 2044 1145 2109 at
1163 2059 1233 2108 non
1249 2036 1296 2117 ilii

289 2140 373 2209 est.''

372 2239 488 2322 Grady
502 2262 581 2310 cum
596 2240 783 2309 maledictis
798 2261 833 2309 se
849 2239 985 2321 avertit,
1001 2260 1110 2322 quum
1137 2236 1297 2321 quaterni

291 2340 453 2422 quinique
469 2341 629 2409 lictorese
639 2341 695 2409 via
709 2340 886 2409 irruebant
896 2375 937 2384 -
948 2347 989 2408 ut
1003 2338 1086 2407 mihi
1102 2337 1295 2420 videbatur,

291 2462 334 2508 ex
345 2439 491 2508 decuria.
519 2440 645 2508 Audivi
662 2462 741 2508 eum
756 2462 834 2508 cum
858 2439 911 2508 his
933 2438 1100 2508 submissa
1114 2438 1175 2508 sed
1197 2446 1300 2509 acuta

290 2561 374 2608 voce
390 2540 542 2621 colloqui,
558 2562 626 2622 quo
642 2541 744 2621 facto,
760 2540 883 2620 subito,
898 2548 938 2608 ut
955 2546 1134 2619 venerant,
1142 2538 1300 2608 discesse-

293 2648 384 2708 runt.
394 2640 590 2708 Subsidiarii
601 2663 737 2722 quoque
749 2640 849 2708 simul
858 2639 1102 2720 discurrerunt,
1114 2638 1207 2708 unde
1217 2636 1301 2707 mihi

294 2748 427 2808 certum
451 2740 633 2808 videbatur
657 2740 771 2822 Grady
797 2740 1035 2809 everriculum¹
1052 2760 1113 2822 per
1126 2746 1237 2809 totam
1252 2758 1302 2808 re·

295 2840 431 2922 gionem
447 2840 649 2921 distendere,
662 2841 696 2908 in
712 2863 781 2922 qua
796 2841 984 2923 profugum
998 2839 1161 2909 occultari
1175 2838 1302 2909 verosi·

296 2940 374 3009 mile
389 2948 481 3021 erat;
498 2948 533 3009 at
548 2941 582 3008 in
607 2941 788 3022 praesentia
804 2941 913 3021 magis
928 2940 969 3008 de
985 2940 1096 3009 salute
1110 2937 1304 3009 Simmonds

295 3062 401 3122 quam
426 3040 468 3109 de
495 3041 638 3109 consiliis
661 3040 800 3109 lictoriis
823 3039 1033 3109 sollicitabar.
1054 3039 1202 3110 Proinde
1225 3038 1306 3110 dex·

297 3148 386 3209 tram
402 3139 475 3208 eius
489 3141 663 3222 prehendi,
693 3162 761 3222 qua
791 3141 864 3209 visa
893 3141 1061 3209 allevatus
1085 3139 1301 3209 animosum

296 3262 403 3321 quum
418 3240 557 3308 illaesam
573 3262 648 3309 eam
663 3240 970 3322 deprehendissem.

381 3340 636 3422 “Quisquamne
655 3341 824 3408 medicum
839 3339 1016 3408 accersivit
1023 3338 1060 3408 ?'’
1075 3338 1231 3423 quaesivi

383 3439 647 3520 “Accersimus,’'
670 3440 843 3521 respondit
863 3440 985 3523 aliquis
1006 3439 1230 3509 actariorum²
1249 3460 1303 3509 ar·

297 3539 474 3622 gentariae.
500 3539 691 3609 “Medicum
707 3562 768 3622 per
783 3540 1003 3623 telephonum
1029 3538 1251 3609 evocavimus
1265 3572 1308 3586 -

401 3727 423 3776 1.
443 3722 663 3776 Euerrieulum.
682 3723 714 3785 -i,
732 3732 773 3775 est
787 3730 853 3783 rete,
871 3740 981 3789 sagenae
997 3739 1094 3790 genus,
1105 3723 1178 3790 quod
1191 3723 1311 3790 piscato·

298 3826 341 3862 res
355 3809 383 3860 in
397 3807 483 3859 tluvio
496 3808 619 3867 trahunt,
633 3814 661 3860 et
675 3809 721 3859 vix
734 3808 807 3859 ullus
819 3808 966 3873 pisciculus
979 3807 1094 3860 evadere
1107 3806 1191 3861 valet

401 3893 425 3944 2.
443 3889 598 3951 Actorius,
615 3890 660 3953 -ii,
678 3898 719 3943 est
733 3891 829 3951 scriba,
843 3891 889 3956 qui
902 3894 971 3942 uota
984 3889 1096 3943 conficit
1108 3894 1158 3943 ant
1174 3889 1309 3945 mml-

301 3977 349 4036 bit,
364 3975 494 4027 moderna
509 3974 640 4026 idiomata
664 3990 803 4040 perperam
828 3974 984 4027 act-crarium
1001 3988 1061 4028 ease
1078 3972 1185 4036 volunt,
1197 3988 1253 4043 quo
1265 3988 1310 4029 vo

302 4060 399 4117 cabulo
413 4074 464 4113 nos
476 4073 567 4112 noves
581 4058 777 4127 significamus
