3128 5016
601 1729 752 1799 CAPUT
773 1731 885 1799 XVIII

431 1918 504 1997 Epo
521 1923 552 1983 el
568 1918 667 1985 Arcu
683 1917 791 1983 Boole
807 1918 1037 1998 separamur.

321 2099 571 2180 QUAESUONEM
588 2099 708 2167 mortis
735 2099 945 2168 mortuarius
961 2108 1098 2182 postero
1113 2099 1168 2168 die
1182 2099 1241 2168 ha·

240 2198 324 2278 buit,
339 2220 445 2279 quum
461 2198 550 2280 quod
567 2220 632 2280 ego
644 2198 849 2281 suspicabar,
860 2199 954 2267 facta
963 2199 1238 2281 comprobarunt

239 2297 382 2365 Decuria
408 2299 538 2366 lictoria
564 2298 646 2367 nihil
663 2298 753 2381 quod
769 2298 932 2367 momenti
954 2299 1077 2367 fuisset
1093 2299 1128 2366 ln
1144 2298 1239 2367 testi·

238 2397 389 2464 monium
406 2398 549 2479 reperit;
571 2407 662 2466 certe
679 2398 760 2466 nihil
782 2398 854 2466 eius
870 2398 918 2467 rei
933 2420 1011 2480 quae
1025 2419 1138 2467 causae
1152 2419 1239 2467 mor·

238 2497 281 2564 tis
297 2496 441 2579 Philippi
457 2497 613 2578 Vantine‚
629 2507 734 2579 atque
751 2498 890 2579 Drouet,
913 2520 1042 2566 novum
1058 2499 1172 2567 lumen
1189 2497 1240 2566 af·

238 2597 383 2664 fundere
400 2597 575 2679 potuisset.
600 2598 754 2666 Testium
769 2598 914 2679 quisque
929 2597 1049 2667 eodem
1073 2599 1148 2666 lere
1171 2618 1240 2665 mo

237 2697 280 2764 do
295 2719 363 2778 quo
379 2719 444 2779 ego
460 2697 513 2765 hic
530 2704 676 2766 eventus
698 2698 861 2778 narravit,
877 2698 1006 2766 iuratos
1029 2705 1147 2766 autem
1170 2718 1240 2765 ma·

237 2798 400 2865 nifestum
426 2804 499 2865 erat
523 2797 557 2865 in
574 2798 796 2880 aenigmatum
822 2796 1024 2879 ambagibus
1047 2797 1241 2880 deperditos

235 2897 353 2965 fuisse.

320 2998 446 3079 Magno
463 2999 544 3067 mihi
560 2999 629 3066 luit
645 3000 838 3067 levamento
864 2997 956 3079 quod
972 2997 1043 3066 sine
1058 3020 1113 3067 me
1129 2997 1239 3068 decla-

236 3106 350 3165 ratum
366 3104 418 3165 est
435 3099 511 3179 quis
528 3098 658 3166 Drouet
672 3098 805 3166 fuisset.
829 3097 949 3179 Bulga
966 3118 1069 3180 quam
1085 3098 1119 3166 in
1135 3097 1241 3181 crepi-

235 3197 313 3265 dine
330 3198 523 3280 reliquerat,
549 3199 685 3266 decuria
711 3198 866 3266 lictorum
895 3199 1088 3280 postulante
1111 3200 1240 3292 aperta,

236 3297 269 3364 in
286 3319 326 3365 ca
341 3298 506 3366 cistellula
535 3299 745 3380 pagellarum
762 3319 823 3366 suo
839 3298 976 3367 nomine
1000 3298 1241 3381 inscriptarum

236 3405 372 3479 reperta
387 3406 448 3466 est.
473 3398 585 3480 Quare
600 3397 701 3465 aliam
717 3418 821 3478 quam
837 3419 935 3466 suam
951 3397 1099 3467 Vantine
1114 3397 1241 3467 submi·

236 3497 326 3578 serit,
341 3497 491 3579 quidque
507 3497 634 3579 negotii
654 3519 733 3565 cum
754 3497 903 3566 Vantine
918 3497 1086 3580 habuerit,
1103 3497 1240 3568 decuria

236 3598 363 3665 nullam
380 3597 582 3665 submittere
598 3597 709 3679 quivit
726 3596 943 3678 sententiam,
959 3618 1021 3666 nec
1036 3618 1102 3679 ego
1126 3597 1160 3666 id
1184 3619 1240 3666 ex·

237 3697 359 3778 plicare
374 3697 502 3778 negotii
520 3718 592 3765 esse
608 3696 690 3765 duxi
701 3697 777 3777 mei,
790 3695 1066 3778 quandoquidem
1077 3718 1240 3767 arcanum

237 3797 311 3865 eius
326 3797 446 3866 mortis
460 3804 583 3865 neutro
599 3797 633 3864 in
650 3804 777 3865 eventu
800 3795 924 3865 clarius
937 3797 1098 3865 futurum
1113 3804 1197 3867 erat.

319 3896 419 3965 Haud
435 3896 626 3965 irridiculus
640 3895 866 3978 inquisitionis
881 3903 1027 3965 eventus
1041 3903 1115 3965 erat
1130 3903 1240 3967 tenta·

238 4017 316 4064 men
332 3996 404 4064 heri
420 3996 638 4078 Goldberger,
663 4003 702 4064 ut
723 3995 881 4064 credibile
896 4003 984 4064 esta
1000 3995 1115 4078 Grady
1127 3997 1240 4079 profe-

237 4103 343 4178 ctum,
359 4095 509 4180 Godirey
525 4095 695 4180 carpendi.
