3128 5016
620 831 809 886 sncrrrurr
830 831 937 886 rnen
1215 815 1278 886 261

361 999 548 1068 Assecutus
562 999 708 1083 denique
724 1000 918 1083 Compitum
935 999 1087 1069 Madison
1103 999 1168 1069 sub
1182 998 1278 1070 arbo

282 1121 335 1168 res
350 1121 405 1167 me
420 1099 554 1181 diverti,
569 1101 660 1182 quod
676 1101 779 1170 moris
793 1100 859 1169 mei
876 1107 938 1182 est,
955 1100 1047 1170 unde
1055 1099 1175 1170 clarior
1185 1107 1237 1169 est
1248 1100 1282 1169 in

278 1201 384 1268 AEdes
399 1200 630 1281 Erugatorias¹
648 1208 856 1283 prospectus,
880 1200 1063 1270 adversum
1087 1202 1210 1270 coelum
1236 1201 1282 1269 al·

281 1301 439 1369 bicantes.
453 1300 546 1368 lllinc
562 1300 596 1368 in
612 1301 751 1370 Turrim
767 1300 1035 1383 Metropolitanae
1049 1299 1213 1370 Cautelae²
1227 1321 1281 1369 su·

279 1401 372 1483 speri
388 1402 496 1470 multo
510 1401 674 1482 altiorem,
689 1408 829 1483 aspectu
846 1409 961 1470 tamen
977 1401 1090 1470 minus
1105 1401 1281 1484 poeticam,

279 1501 376 1569 cuius
392 1501 512 1583 ingens
527 1501 739 1583 horologium
754 1502 989 1571 collustratum
1004 1523 1058 1570 me
1072 1501 1283 1571 commonuit

281 1601 347 1669 iam
363 1602 436 1669 fere
451 1601 616 1670 decimam
631 1623 710 1670 cum
725 1601 863 1670 dimidia
877 1622 960 1670 esse.

364 1701 518 1770 Tandem
534 1701 677 1770 Latavia
691 1701 816 1770 iterum
832 1701 983 1782 traiecta,
1006 1701 1072 1771 iter
1094 1722 1210 1771 meum
1226 1700 1282 1770 de·

281 1823 395 1869 orsum
419 1801 452 1868 in
477 1801 575 1870 Viam
602 1801 809 1883 Vigesimam
839 1801 1001 1883 Tertiam,
1027 1823 1148 1871 versus
1174 1801 1283 1870 Mara·

282 1902 420 1970 thonem
436 1901 557 1981 iturus,
573 1901 661 1982 flexi,
685 1923 792 1983 quum
816 1924 922 1970 comu
946 1908 1124 1971 assecutus
1146 1901 1281 1971 obviam

283 2003 396 2070 lactus
411 2023 487 2069 sum
502 2001 542 2070 iis
557 2001 667 2070 tribus
681 2002 739 2083 qui
756 2003 868 2084 paullo
884 2009 964 2071 ante
989 2024 1044 2071 me
1059 2002 1177 2071 eodem
1191 2023 1284 2084 gres·

283 2125 341 2171 sus
365 2124 445 2171 suos
470 2102 677 2171 direxerunt.
701 2102 862 2171 Protinus
887 2103 1013 2184 agnovi
1039 2102 1154 2185 Grady
1179 2111 1283 2185 atque

282 2203 483 2283 Simmonds,
500 2202 533 2269 in
550 2202 660 2270 medio
676 2223 822 2283 quorum
838 2203 942 2271 herus
958 2203 1057 2285 Pigot
1073 2203 1190 2271 itabat.
1214 2203 1284 2272 Ma·

283 2304 447 2371 niiestum
462 2310 537 2370 erat
553 2301 666 2384 Grady
682 2302 853 2384 promissis
876 2303 1019 2384 stetisse,
1044 2302 1284 2385 Grandemque

283 2404 381 2472 Viam
397 2402 606 2472 Gaudentem
632 2424 652 2470 a
678 2424 811 2472 summo
825 2402 868 2471 ad
883 2403 1000 2485 imum,
1024 2425 1103 2472 cum
1127 2403 1284 2472 omnibus

285 2504 354 2571 suis
368 2502 579 2570 mirabilibus
605 2502 793 2583 ostendere,
825 2503 977 2571 muneris
1001 2503 1054 2572 sui
1081 2502 1227 2585 duxisse,
1249 2509 1284 2573 et

285 2604 346 2671 hoc
362 2602 508 2670 maxime
533 2601 672 2683 quidem
698 2602 825 2671 liberali
849 2602 949 2671 modo
974 2637 1013 2647 -
1039 2602 1097 2685 qui
1113 2603 1199 2672 ritus
1213 2602 1285 2672 sine

284 2703 386 2772 dubio
402 2702 588 2784 postulavit
603 2710 644 2770 ut
658 2709 797 2771 auctore
813 2724 848 2771 se
862 2702 983 2785 hospes
994 2703 1194 2785 peregrinus
1204 2725 1288 2772 cun·

285 2811 340 2872 cta
355 2808 494 2870 temeta³
519 2802 728 2871 Americanis
751 2804 889 2884 propria
913 2802 1113 2886 degustaret
1138 2839 1180 2848 -
1195 2804 1286 2874 unde

286 2905 416 2972 factum
432 2911 484 2970 est
499 2911 539 2971 ut
554 2925 654 2971 crura
670 2902 785 2985 Grady
801 2903 925 2972 sensim
936 2903 1142 2972 vacillarent.
1155 2903 1206 2972 Ex
1217 2925 1285 2973 me-

286 3026 323 3071 ra
353 3003 601 3085 comparatione
629 3003 747 3085 gentili
774 3003 876 3071 etiam
904 3003 1025 3072 herum
1052 3004 1152 3086 Pigot
1181 3004 1286 3073 oculis

286 3104 477 3186 perstrinxi,
494 3104 552 3172 sed
567 3104 675 3186 reperi
692 3126 771 3173 eum
786 3124 926 3185 prorsus
940 3103 1012 3172 sine
1028 3104 1102 3173 labe
1118 3126 1200 3174 esse.

388 3291 410 3340 1.
429 3287 552 3353 Eraga!
577 3287 627 3348 ·vi,
645 3291 732 3339 dum:
750 3303 832 3352 rugas
856 3288 932 3348 tollo,
958 3293 1048 3341 vestes
1071 3288 1179 3340 fervido
1204 3289 1287 3350 ferro,

287 3380 430 3439 postquam
445 3389 483 3423 eae
497 3373 560 3423 lotae
573 3372 719 3437 amyloque
732 3372 827 3424 tinctae
840 3372 953 3432 fuerint,
966 3372 1073 3437 laevigo,
1086 3372 1210 3438 explano.
1228 3373 1289 3425 Fer·

287 3474 347 3509 rum
361 3456 559 3521 Erugatorium,
574 3455 644 3507 idem
658 3455 731 3517 quod
756 3471 817 3520 pag.
842 3458 920 3508 90ma
944 3455 1149 3520 Levigatorium
1175 3456 1286 3508 Ferrum

287 3541 430 3606 appellavi.

387 3626 411 3675 2.
433 3621 509 3683 Quod
524 3637 573 3673 nos
585 3623 706 3673 Romano
720 3639 793 3675 more
807 3620 963 3684 coriletum,
986 3622 1012 3674 h.
1037 3638 1073 3683 e.,
1093 3621 1175 3674 alicui
1193 3622 1288 3685 aliqua

288 3725 316 3759 re
329 3722 430 3758 cavere
443 3705 567 3765 dicimus,
586 3705 760 3758 idiomatibus
773 3706 909 3758 modernis
929 3720 1079 3766 securare,
1103 3703 1288 3766 insecurare,

287 3790 467 3842 udaecrrrare
480 3788 649 3852 ineptissime
663 3790 812 3853 exprimere
825 3795 944 3841 tentant.
961 3790 1083 3840 Romano
1102 3788 1196 3851 iraque
1213 3803 1288 3840 more

288 3876 422 3925 dicemus:
441 3886 526 3921 caveo
537 3871 666 3936 potamio
678 3870 722 3933 do,
739 3874 781 3924 vel
795 3888 850 3939 pro
868 3873 1003 3933 incendio,
1026 3872 1093 3933 vila,
1118 3871 1162 3923 vel
1187 3872 1289 3924 rectius

288 3956 322 4008 de
335 3960 436 4013 morlo,
453 3970 508 4019 pro
521 3959 623 4015 morte,
640 3953 684 4016 dc,
700 3956 743 4007 vel
757 3972 812 4022 pro
824 3957 959 4016 incendio,
972 3973 1055 4008 caveo
1067 3953 1143 4008 milri
1151 3955 1185 4007 de
1193 3962 1289 4016 morte,

288 4057 342 4107 pro
357 4045 450 4097 morte,
464 4039 576 4090 minime
588 4055 651 4089 vero
663 4038 807 4091 adsecuro
820 4040 914 4098 vitam,
926 4038 1063 4090 insecura
1075 4039 1241 4092 incendium.

391 4125 415 4176 ³.
436 4122 594 4184 demetam,
611 4121 646 4174 -i.·
658 4123 747 4174 omnis
759 4129 839 4188 potus
850 4122 967 4175 ebriaris.
