3128 5016
595 820 903 876 ennrnmnoms
1185 803 1248 873 109

327 987 410 1070 “lta,
426 989 539 1071 sane,”
554 989 722 1071 respondi,
739 988 827 1058 “tale
843 988 923 1071 quid
940 1009 1021 1057 eum
1035 987 1108 1058 heri
1131 1010 1248 1072 vespe

244 1089 273 1157 ri
289 1089 529 1158 memoravisse
544 1089 691 1158 audivi.''

326 1188 419 1257 “Hoc
435 1189 687 1271 postmeridiem
703 1189 745 1259 de
760 1211 800 1258 ea
828 1211 864 1258 re
886 1211 966 1258 cum
992 1211 1034 1258 eo
1058 1191 1247 1260 collocutus

243 1311 345 1370 cram,
362 1296 397 1357 et
421 1311 457 1357 se
480 1289 713 1357 doctissimum
738 1289 1003 1371 comprobavit,'’
1031 1289 1248 1371 prosequitur

243 1389 403 1470 Godfrcy.
418 1387 585 1457 “Grandis
600 1389 662 1470 ipsi
677 1411 758 1457 sanc
775 1389 892 1457 isthaec
907 1397 959 1457 est
970 1389 1116 1458 occassio
1127 1411 1246 1459 auram

242 1490 438 1570 popularem
449 1489 617 1569 captandi,
628 1510 798 1570 usumque
813 1488 887 1556 eius
902 1489 1012 1570 capiet
1021 1510 1123 1570 quam
1134 1495 1247 1571 potest

241 1589 436 1656 maximum.
469 1588 498 1656 E
521 1588 634 1656 verbis
650 1588 723 1656 eius
737 1589 855 1670 collegi
871 1588 1006 1657 acidum
1019 1588 1248 1673 Borussicum‚

244 1688 332 1769 quod
350 1688 401 1755 Dii
417 1694 545 1755 norunt
569 1688 651 1755 satis
661 1689 783 1756 lethale
807 1695 868 1768 est,
885 1688 971 1756 duas
986 1688 1093 1757 solum
1109 1689 1250 1758 centesi-

243 1809 316 1855 mas
330 1788 451 1856 veneni
467 1788 653 1869 complecti
670 1789 873 1857 solutionem
888 1796 1004 1856 autem
1022 1788 1186 1856 hactenus
1197 1789 1246 1857 ta-

242 1895 374 1955 ctarum
385 1887 682 1955 virulentissimam
695 1895 879 1969 quaternas
893 1888 1095 1956 centesimas
1104 1887 1246 1955 efficere·

245 1987 524 2068 Freylinghuiscn
541 1987 660 2054 asserit
675 2009 765 2066 eum,
782 1987 977 2068 quicunque
994 1987 1056 2056 hoc
1072 2008 1245 2055 venenum

241 2087 443 2166 concoxerit,
468 2109 593 2154 novam
617 2094 709 2154 certe
731 2087 804 2155 eius
827 2087 988 2155 miscendi
1015 2087 1180 2155 rationem
1197 2087 1246 2155 in·

242 2187 373 2254 venisse
390 2221 430 2231 -
446 2195 507 2254 aut
522 2194 615 2254 certe
631 2187 796 2254 rationem
824 2187 1000 2268 antiquam
1025 2186 1165 2268 parandi
1187 2187 1244 2255 dc·

242 2309 310 2353 nuo
335 2287 497 2368 reperisse
523 2322 561 2329 —
588 2286 635 2354 ita
661 2295 701 2354 ut
725 2287 788 2354 hoc
810 2287 1090 2368 quinquagenum
1105 2286 1246 2355 centesi-

242 2407 374 2453 marum
400 2395 490 2454 esset
514 2386 715 2454 virulentiae.
741 2387 824 2455 Aliis
850 2387 982 2456 verbis:
1015 2386 1042 2454 si
1066 2386 1120 2454 vel
1144 2386 1246 2468 parti-

241 2487 351 2553 culam
366 2493 478 2567 guttae
493 2486 566 2555 eius
581 2487 615 2553 in
632 2487 831 2568 sanguinem
844 2486 988 2554 hominis
1000 2485 1069 2554 vivi
1081 2485 1246 2565 intuleris,

244 2585 384 2653 celerius
400 2607 480 2654 eum
495 2586 625 2655 occides
652 2587 798 2669 quamsi
814 2587 950 2669 glande¹
977 2608 1056 2654 eum
1083 2586 1117 2654 in
1143 2586 1244 2655 corde

241 2685 420 2754 feriisses.'’

324 2786 481 2854 “Nihilne
497 2786 751 2867 ergohominem
775 2809 913 2855 servare
940 2793 1053 2869 posset
1063 2786 1100 2856 l”
1125 2808 1242 2868 quaero

241 2907 314 2968 ego.

323 2986 437 3057 “Nihil
452 2988 598 3056 omnino.
621 2989 667 3057 At
683 3010 747 3069 ego
763 3009 830 3055 non
847 2987 990 3056 dixerim
1006 3008 1145 3069 prorsus
1170 2985 1242 3055 lieri

240 3110 307 3156 non
324 3110 420 3170 posse
436 3096 476 3157 ut
491 3089 596 3170 siquis
612 3089 672 3157 tibi
688 3088 796 3156 securi
813 3088 935 3161 adstet,
950 3095 1054 3168 atque
1069 3086 1158 3154 intra
1173 3109 1243 3155 mo

241 3195 404 3270 mentum,
420 3196 600 3270 postquam
616 3210 787 3257 vencnum
803 3187 920 3255 manui
934 3195 1006 3255 tuae
1020 3186 1172 3255 infusum
1188 3186 1242 3255 fu·

239 3289 314 3369 erit,
327 3289 503 3358 brachium
519 3289 662 3357 humero
678 3295 779 3356 tenus
794 3287 990 3367 decusserit,
1003 3287 1130 3355 nullam
1147 3308 1241 3368 spem

239 3389 321 3456 vitae
336 3410 529 3471 superesse;
546 3410 667 3456 verum
683 3387 716 3456 id
731 3387 890 3456 citissime
906 3387 979 3456 fieri
994 3386 1143 3468 deberet,
1158 3386 1241 3469 quin

340 3608 361 3657 1.
381 3604 483 3665 Glnrm,
511 3604 579 3665 -dis,
600 3607 630 3666 f,
652 3607 759 3672 proprie
781 3606 888 3657 fructus
906 3620 1072 3670 quercuum
1090 3603 1185 3668 lingui
1203 3609 1242 3656 ta·

242 3707 303 3742 men
317 3691 430 3740 militari
445 3696 485 3741 est
499 3691 604 3755 argilla,
619 3691 766 3755 sepissime
779 3689 927 3753 plumbum,
950 3688 978 3738 in
1000 3688 1117 3752 speciem
1132 3687 1241 3752 glandis

240 3775 342 3833 fictum,
357 3774 434 3824 cuius
447 3790 574 3837 magnam
584 3775 688 3838 copiam
701 3774 857 3824 funditores
870 3772 985 3823 Romani
998 3772 1026 3823 in
1040 3772 1132 3823 hostes
1145 3771 1241 3823 fundis

239 3857 350 3908 iaculari
364 3863 573 3907 consueverunt.
586 3858 704 3908 Glandes
718 3856 850 3921 plumlrcae
865 3855 1020 3906 huiusmodi
1039 3861 1152 3918 repertu·
1174 3861 1239 3906 sunt

237 3942 275 3992 sic
292 3940 430 4003 inscriptae
445 3940 492 4001 (Ο,
508 3940 578 3997 Dea)
592 3942 676 3991 ROMA
690 3941 766 3999 Furti,
783 3955 880 4003 nempe
894 3939 1008 3989 hostem.
1025 3938 1141 3989 Proinde
1154 3937 1238 3989 etiam

238 4024 349 4089 globuli,
363 4040 431 4088 quos
444 4024 545 4074 milites
557 4023 678 4075 moderni
692 4040 707 4074 e
720 4022 848 4086 sclopetis
859 4022 1047 4086 sclopellisque
1058 4021 1236 4081 eiaculantur,

235 4123 318 4175 quum
332 4113 360 4159 et
372 4107 461 4172 specie
474 4107 521 4158 vix
533 4107 670 4167 differant,
683 4103 805 4172 plaudes
822 4106 1002 4171 appellentur.
