3128 5016
288 725 332 791 44
548 734 1028 796 mmmmm

287 928 365 975 sum
379 905 509 988 gradus
522 907 683 987 cucurrit,
698 915 733 976 et
748 929 811 990 per
824 907 1035 978 vesbbulum
1049 907 1094 978 ad
1107 909 1202 978 tores
1210 931 1289 979 con·

285 1007 401 1088 clavis,
415 1006 476 1075 ubi
490 1007 638 1077 nadaver
653 1007 774 1077 Franci
789 1008 1041 1091 inveneramus,
1055 1009 1248 1079 anteeant.

369 1124 453 1205 “Eu,
466 1125 543 1206 illic,
558 1127 605 1194 mi
622 1124 752 1194 Herel‘
777 1125 827 1194 ait
837 1126 1039 1208 singultans
1054 1126 1171 1197 “lutra
1181 1128 1247 1198 illic
1258 1128 1288 1197 l’

285 1225 358 1308 ipse
372 1232 489 1294 autem
503 1225 624 1308 parieti
639 1248 676 1295 se
690 1226 862 1309 applicuit,
886 1226 970 1296 dum
983 1248 1049 1310 ego
1063 1229 1223 1298 conclave
1238 1229 1288 1298 in·

285 1347 424 1408 gressus
438 1346 524 1394 sum.

368 1443 536 1512 conclave
562 1443 747 1513 lumimbus
771 1451 847 1513 erat
871 1444 1120 1526 collustratum,
1149 1447 1287 1531 meique

285 1544 372 1614 oculi
388 1566 450 1626 pro
465 1552 639 1613 momento
653 1545 814 1614 occoecati
829 1544 1017 1627 splendore,
1032 1547 1181 1623 mimum
1203 1547 1287 1618 nihil

283 1647 356 1714 fere
371 1645 560 1713 discernere
569 1652 737 1727 poterant
749 1645 942 1715 Concutiens
956 1646 1028 1715 vidi
1044 1647 1197 1731 Godfrey
1212 1670 1287 1732 pro

285 1767 395 1827 ruere,
410 1766 514 1827 seque
530 1745 564 1813 in
577 1766 691 1826 genua
706 1753 929 1827 prosternere.

366 1863 465 1931 'lunc
480 1862 568 1931 oculi
584 1862 650 1930 mei
665 1863 873 1943 claruerunt,
887 1862 1026 1947 vidique
1047 1865 1083 1933 in
1106 1864 1179 1948 ipso
1200 1888 1287 1949 pun·

282 1970 338 2033 cto
353 1963 426 2044 loci,
442 1962 501 2031 ubi
527 1962 697 2031 d'Aurelle
721 1962 964 2045 exspimverat,
989 1963 1137 2034 alterum
1162 1987 1287 2050 corpus

283 2100 323 2108 -
339 2084 428 2132 anne
442 2063 511 2132 fuit
527 2062 629 2143 idem,
643 2062 763 2131 eodem
784 2063 933 2145 quodam
958 2084 1083 2133 arcano
1108 2066 1209 2135 modo
1234 2089 1286 2137 re·

282 2164 441 2248 positum,
457 2171 497 2232 ut
512 2163 726 2245 tragediam,
736 2163 990 2245 postmeridiem
1006 2173 1087 2234 ante
1097 2167 1213 2236 oculos
1226 2189 1285 2237 no-

282 2272 372 2333 stros
385 2271 508 2345 actam,
522 2263 864 2346 repraesentaremus?

365 2379 505 2450 Memini
525 2401 580 2449 me
601 2380 828 2463 proclinatum
849 2387 889 2449 ut
911 2381 1048 2450 vultum
1068 2383 1146 2453 eius
1166 2392 1285 2455 contu·

280 2505 356 2552 erer
375 2518 415 2526 -

364 2599 491 2668 Vultus
504 2605 579 2666 erat
595 2597 741 2680 Philippi
756 2596 915 2666 Vantine.

364 2716 537 2785 Minutum
552 2716 715 2798 temporis
737 2713 824 2783 elabi
848 2714 1028 2797 oportebat
1047 2715 1130 2785 dum
1151 2738 1217 2800 ego
1238 2717 1285 2788 ibi

280 2817 414 2887 stabam
435 2815 604 2886 attonitus
625 2823 660 2884 et
682 2822 842 2883 tremens
880 2814 1043 2884 Conscius
1065 2816 1285 2899 quodammo

280 2917 391 2987 dolui
407 2916 558 2998 Godfrey
579 2937 722 2985 examen
744 2915 933 2983 instituere.
967 2915 1057 2984 Tum
1073 2938 1194 2986 vocem
1208 2919 1284 2987 eius

279 3019 414 3088 audivi:

363 3134 542 3204 “Mortuus
555 3133 627 3216 ipse
643 3140 696 3203 est
705 3131 734 3201 l'’
757 3133 878 3215 inquit.

362 3252 452 3322 Tum
468 3273 529 3335 pro
542 3259 716 3320 momento
732 3250 905 3319 silentium
920 3250 1133 3320 estfactum.

362 3369 490 3439 “Cerne
513 3369 586 3450 boc,
609 3366 766 3437 Lester!”
788 3389 900 3436 acrem
922 3367 1038 3436 audivi
1060 3390 1179 3438 vocem
1194 3369 1282 3439 God-

278 3468 678 3640 {Zesstt‘lmndatoriam
689 3468 776 3537 “Per
787 3489 905 3536 omnes
918 3467 1006 3536 Deos
1018 3467 1183 3550 beasque,
1194 3469 1282 3552 uspi-

323 3686 513 3856 baGodlrey
528 3687 675 3770 genibus
689 3686 848 3756 insistens
875 3684 1003 3768 aliquid
1028 3684 1203 3756 sublatum
1234 3694 1284 3756 te·

278 3809 322 3857 ne
368 3795 392 3857 t

361 3903 574 3974 “Cemedum
589 3904 681 3975 istud
691 3905 720 3974 l''
743 3905 869 3974 iterum
886 3925 940 3972 me
956 3902 1125 3972 inclamat.

362 4021 502 4092 Manum
518 4023 643 4093 mortui
660 4022 830 4093 sublatam
845 4028 1022 4091 ostentans
1036 4019 1190 4102 tenebat;
1211 4042 1284 4092 ma·
