3128 5016
390 746 432 816 92
663 763 872 857 ursmnnm
892 765 1001 822 anem
1023 760 1141 822 noum

391 930 567 1000 theorema
583 937 683 1002 tuum
698 933 781 1003 mihi
810 934 1066 1005 concredideris.
1089 935 1261 1005 Praeterea
1276 941 1312 1003 et
1327 957 1393 1018 ego

389 1030 497 1099 habeo
513 1053 623 1113 pauca
636 1033 697 1102 tibi
713 1055 793 1118 quae
808 1034 973 1105 tradam.'’

473 1131 604 1215 “Perge
620 1132 727 1216 igitur
739 1133 768 1202 !”
790 1134 907 1205 hortor
922 1157 1012 1204 eum.

473 1250 686 1322 “Remulcale
701 1253 815 1335 paullo
830 1260 911 1323 ante
931 1275 1048 1323 meum
1063 1276 1105 1324 ex
1122 1251 1255 1323 officina
1270 1252 1391 1322 disces-

389 1372 465 1419 sum
481 1351 617 1421 Parisiis
632 1353 833 1437 accepimus
867 1354 980 1424 Herus
994 1353 1049 1424 ille
1064 1353 1273 1436 Theophilus
1287 1352 1391 1423 d'Au·

389 1451 468 1519 relle
482 1451 604 1521 fidicen
619 1460 672 1522 est
687 1454 856 1524 Calfariae¹
873 1453 1059 1525 Parisiacae.
1075 1453 1148 1523 Hac
1163 1474 1306 1536 vespera
1321 1475 1391 1522 mo

388 1573 424 1619 re
440 1551 537 1620 solito
553 1553 623 1623 suis
637 1553 762 1623 fidibus
776 1554 908 1636 cecinit,
933 1554 1007 1624 fieri
1032 1554 1149 1637 itaque
1171 1553 1266 1624 nullo
1290 1562 1390 1636 pacto

387 1659 498 1733 potest
514 1660 554 1721 ut
569 1653 641 1736 ipse
656 1653 804 1724 cadaver
817 1655 927 1725 iaceat
941 1656 976 1724 in
991 1654 1179 1725 conditorio
1205 1653 1280 1723 Neo
1303 1653 1391 1724 Eho

387 1752 465 1821 raci.
489 1753 642 1836 Insuper,
658 1761 788 1837 quanto
813 1755 877 1838 ipsi
903 1763 1036 1836 notum,
1061 1755 1177 1826 nullus
1201 1753 1389 1823 amicorum

386 1851 460 1921 eius
475 1853 510 1921 in
526 1854 684 1924 America
699 1861 761 1923 est.
783 1855 922 1938 Absque
937 1854 1042 1925 dubio
1055 1875 1153 1938 posse
1168 1875 1248 1925 eum
1263 1874 1326 1936 per
1340 1854 1389 1922 et-

386 1951 500 2034 figiem
515 1954 651 2035 mortui,
667 1954 745 2036 quis
759 1955 814 2025 ille
827 1955 944 2037 tuerit,
959 1955 1131 2025 declarare
1146 1974 1277 2035 censeo,
1291 1953 1390 2023 cuius

385 2055 560 2135 exemplar
574 2055 641 2124 iam
656 2053 723 2124 viae
737 2056 978 2138 commisimus,
999 2055 1059 2126 sed
1081 2077 1173 2126 nova
1186 2061 1267 2124 ante
1289 2074 1389 2124 senos

384 2160 446 2222 aut
461 2160 601 2224 octonos
615 2154 687 2225 dies
703 2156 875 2239 percipere
891 2157 983 2226 haud
1005 2176 1196 2239 possumus
1232 2152 1299 2226 Sed
1322 2175 1388 2237 ego

385 2261 476 2323 recte
491 2255 678 2326 hariolatus
692 2277 769 2326 sum
784 2292 824 2301 -
839 2277 964 2326 nomen
980 2255 1126 2328 hominis
1140 2276 1209 2326 non
1220 2261 1273 2324 est
1283 2253 1390 2324 d’Au·

385 2354 496 2423 relle.”

467 2471 548 2543 “Ais
562 2480 602 2544 to
618 2473 765 2558 effigiem
780 2475 855 2545 eius
869 2482 904 2545 te
920 2474 1046 2546 habere
1055 2474 1091 2544 ?'’

467 2572 617 2656 “Habeo,
633 2575 696 2645 hoc
712 2575 966 2659 postmeridiem
982 2574 1112 2658 aliquot
1127 2572 1201 2643 lieri
1215 2572 1308 2642 iussi.
1333 2571 1386 2641 En

383 2694 497 2742 unam.
520 2674 597 2744 Tibi
612 2697 746 2757 servem
768 2675 951 2759 aliquando
966 2674 1044 2746 usui
1059 2673 1121 2746 tibi
1136 2695 1210 2744 esse
1227 2672 1385 2756 poterit.”

466 2793 589 2876 Accepi
605 2794 783 2876 pagellam,
800 2801 836 2864 et
851 2801 892 2865 ut
906 2792 1107 2877 speculabar
1128 2793 1266 2863 vultum
1287 2791 1323 2859 in
1344 2811 1386 2860 ea

382 2891 554 2975 depictum
563 2893 649 2977 coepi
660 2893 849 2978 intelligere
863 2901 963 2964 torva
973 2894 1190 2974 lineamenta,
1201 2913 1281 2975 quae
1294 2898 1386 2973 post·

381 2993 556 3064 meridiem
571 2994 734 3078 videram,
749 2996 881 3065 nullum
896 2995 980 3065 mihi
995 2993 1181 3078 praebuisse
1192 3013 1313 3063 verum
1326 2990 1384 3060 ho

381 3093 481 3164 minis
495 3095 637 3178 eiusque
653 3098 812 3179 aspectds
821 3102 1033 3179 conceptum.
1046 3094 1149 3164 Nunc
1162 3092 1251 3163 oculi
1266 3092 1383 3172 clausi,

381 3194 653 3278 lineamentaque
668 3195 854 3279 composita
869 3202 968 3266 erant
982 3202 1087 3279 atque
1102 3192 1243 3277 placida,
1259 3213 1382 3262 verum

380 3294 484 3364 etiam
500 3296 573 3378 ipsa
586 3317 679 3366 mors
692 3295 785 3366 haud
801 3295 847 3366 illi
862 3294 1092 3366 commodavit
1120 3300 1251 3364 certam
1275 3291 1384 3375 digni·

379 3403 496 3465 tatem.
519 3397 644 3467 Vultus
658 3403 732 3467 erat
747 3396 893 3466 hominis
916 3396 1001 3468 levis
1015 3404 1051 3466 et
1067 3395 1240 3476 licentiosi,
1261 3414 1384 3477 caupo

379 3518 502 3567 narum
517 3499 661 3579 asseclae,
677 3504 717 3567 ut
733 3496 842 3567 Parks
856 3497 989 3568 dixerat
1009 3532 1042 3542 -
1061 3495 1244 3579 gyrovagi
1258 3495 1384 3577 platea·

481 3735 504 3785 1.
522 3733 633 3798 Poplnae
646 3733 674 3784 in
687 3732 799 3785 urbibus
817 3732 964 3797 Europoelr.
988 3747 1042 3798 quo
1059 3730 1140 3784 otiosi
1164 3729 1281 3796 cyathos
1303 3729 1382 3782 calle

378 3817 464 3883 nigre
478 3824 525 3869 aut
540 3816 605 3869 flore
618 3817 699 3870 lactis
712 3822 870 3882 temperate
882 3815 1062 3875 sorbillaturn,
1072 3815 1218 3873 sumntum,
1230 3814 1382 3880 diurnaque

378 3902 478 3954 lectum
496 3907 660 3954 commeant

478 3987 502 4038 2.
524 3986 576 4047 Qui
590 3985 649 4037 sine
661 3984 780 4050 negotio.
807 3984 920 4050 proinde
933 3984 993 4036 sine
1005 3988 1080 4036 certo
1098 3987 1232 4048 proventu
1249 3997 1281 4034 ac
1298 3981 1383 4034 dorul-

375 4069 440 4124 ctllo
454 4069 513 4124 vlu
526 4076 653 4138 pererrat,
667 4070 752 4122 vitam
765 4069 898 4123 incertam
911 4085 942 4123 ac
956 4067 1128 4134 pernitiem
1137 4065 1248 4119 ducens
