<?xml version="1.0" encoding="UTF-8"?>
<!DOCTYPE html PUBLIC "-//W3C//DTD XHTML 1.0 Transitional//EN"
    "http://www.w3.org/TR/xhtml1/DTD/xhtml1-transitional.dtd">
<html xmlns="http://www.w3.org/1999/xhtml" xml:lang="en" lang="en">
 <head>
  <title>
</title>
<meta http-equiv="Content-Type" content="text/html;charset=utf-8" />
  <meta name='ocr-system' content='tesseract 3.04.00' />
  <meta name='ocr-capabilities' content='ocr_page ocr_carea ocr_par ocr_line ocrx_word'/>
</head>
<body>
  <div class='ocr_page' id='page_1' title='image "./mysteriumarcbou00stevgoog/mysteriumarcbou00stevgoog_0179.png"; bbox 0 0 3150 5468; ppageno 0'>
   <div class='ocr_carea' id='block_1_1' title="bbox 511 1246 1291 1318">
    <p class='ocr_par' dir='ltr' id='par_1_1' title="bbox 511 1246 1291 1318">
     <span class='ocr_line' id='line_1_1' title="bbox 511 1246 1291 1318; baseline 0.004 -3"><span class='ocrx_word' id='word_1_1' title='bbox 511 1261 665 1316; x_wconf 78' lang='lat' dir='ltr'><strong>eanum</strong></span> <span class='ocrx_word' id='word_1_2' title='bbox 681 1259 840 1316; x_wconf 70' lang='lat' dir='ltr'><strong>vannum</strong></span> <span class='ocrx_word' id='word_1_3' title='bbox 856 1259 1068 1317; x_wconf 70' lang='lat' dir='ltr'><strong>muoparon</strong></span> <span class='ocrx_word' id='word_1_4' title='bbox 1228 1246 1291 1318; x_wconf 84' lang='lat'><strong>1⁶7</strong></span> 
     </span>
    </p>
   </div>
   <div class='ocr_carea' id='block_1_2' title="bbox 281 1428 1292 4071">
    <p class='ocr_par' dir='ltr' id='par_1_2' title="bbox 287 1428 1292 1614">
     <span class='ocr_line' id='line_1_2' title="bbox 292 1428 1292 1514; baseline 0.001 -14"><span class='ocrx_word' id='word_1_5' title='bbox 292 1428 451 1500; x_wconf 69' lang='lat' dir='ltr'><strong>manrbus</strong></span> <span class='ocrx_word' id='word_1_6' title='bbox 464 1429 597 1500; x_wconf 88' lang='lat' dir='ltr'><strong>vellem.</strong></span> <span class='ocrx_word' id='word_1_7' title='bbox 619 1428 760 1500; x_wconf 79' lang='lat' dir='ltr'><strong>Littera</strong></span> <span class='ocrx_word' id='word_1_8' title='bbox 774 1437 856 1500; x_wconf 89' lang='lat' dir='ltr'><strong>sunt</strong></span> <span class='ocrx_word' id='word_1_9' title='bbox 870 1429 935 1513; x_wconf 85' lang='lat' dir='ltr'><strong>hic,</strong></span> <span class='ocrx_word' id='word_1_10' title='bbox 960 1428 1234 1514; x_wconf 82' lang='lat' dir='ltr'><strong>quandocunque</strong></span> <span class='ocrx_word' id='word_1_11' title='bbox 1248 1428 1292 1501; x_wconf 89' lang='lat' dir='ltr'><strong>si·</strong></span> 
     </span>
     <span class='ocr_line' id='line_1_3' title="bbox 287 1528 990 1614; baseline 0.003 -16"><span class='ocrx_word' id='word_1_12' title='bbox 287 1528 320 1599; x_wconf 93' lang='lat' dir='ltr'><strong>bi</strong></span> <span class='ocrx_word' id='word_1_13' title='bbox 337 1529 483 1612; x_wconf 73' lang='lat' dir='ltr'><strong>hliuerit,</strong></span> <span class='ocrx_word' id='word_1_14' title='bbox 497 1551 519 1599; x_wconf 91' lang='lat' dir='ltr'><strong>a</strong></span> <span class='ocrx_word' id='word_1_15' title='bbox 533 1551 588 1599; x_wconf 89' lang='lat' dir='ltr'><strong>me</strong></span> <span class='ocrx_word' id='word_1_16' title='bbox 603 1550 661 1600; x_wconf 87' lang='lat' dir='ltr'><strong>eas</strong></span> <span class='ocrx_word' id='word_1_17' title='bbox 675 1537 829 1613; x_wconf 90' lang='lat' dir='ltr'><strong>repetere</strong></span> <span class='ocrx_word' id='word_1_18' title='bbox 844 1530 990 1614; x_wconf 82' lang='lat' dir='ltr'><strong>poterit&#39;</strong></span> 
     </span>
    </p>

    <p class='ocr_par' dir='ltr' id='par_1_3' title="bbox 288 1628 1291 2014">
     <span class='ocr_line' id='line_1_4' title="bbox 373 1628 1291 1715; baseline 0.001 -15"><span class='ocrx_word' id='word_1_19' title='bbox 373 1628 445 1700; x_wconf 79' lang='lat' dir='ltr'><strong>“Ex</strong></span> <span class='ocrx_word' id='word_1_20' title='bbox 468 1629 522 1700; x_wconf 89' lang='lat' dir='ltr'><strong>his</strong></span> <span class='ocrx_word' id='word_1_21' title='bbox 544 1629 691 1700; x_wconf 85' lang='lat' dir='ltr'>intellexi</span> <span class='ocrx_word' id='word_1_22' title='bbox 718 1629 832 1700; x_wconf 90' lang='lat' dir='ltr'><strong>omnia</strong></span> <span class='ocrx_word' id='word_1_23' title='bbox 847 1630 915 1700; x_wconf 92' lang='lat' dir='ltr'><strong>iarn</strong></span> <span class='ocrx_word' id='word_1_24' title='bbox 929 1638 1133 1715; x_wconf 80' lang='lat' dir='ltr'><strong>argumenta</strong></span> <span class='ocrx_word' id='word_1_25' title='bbox 1147 1652 1220 1702; x_wconf 85' lang='lat' dir='ltr'><strong>esse</strong></span> <span class='ocrx_word' id='word_1_26' title='bbox 1241 1631 1291 1701; x_wconf 93' lang='lat' dir='ltr'><strong>in·</strong></span> 
     </span>
     <span class='ocr_line' id='line_1_5' title="bbox 288 1729 1290 1815; baseline 0.003 -16"><span class='ocrx_word' id='word_1_27' title='bbox 288 1751 432 1812; x_wconf 82' lang='lat' dir='ltr'><strong>cassum,</strong></span> <span class='ocrx_word' id='word_1_28' title='bbox 448 1729 518 1814; x_wconf 89' lang='lat' dir='ltr'><strong>ipse</strong></span> <span class='ocrx_word' id='word_1_29' title='bbox 541 1729 800 1801; x_wconf 77' lang='lat' dir='ltr'><strong>adamantinum</strong></span> <span class='ocrx_word' id='word_1_30' title='bbox 826 1751 862 1800; x_wconf 91' lang='lat' dir='ltr'><strong>se</strong></span> <span class='ocrx_word' id='word_1_31' title='bbox 886 1731 1042 1815; x_wconf 81' lang='lat' dir='ltr'><strong>praebuit</strong></span> <span class='ocrx_word' id='word_1_32' title='bbox 1064 1730 1184 1815; x_wconf 90' lang='lat' dir='ltr'><strong>ltaque</strong></span> <span class='ocrx_word' id='word_1_33' title='bbox 1198 1752 1218 1801; x_wconf 93' lang='lat' dir='ltr'><strong>e</strong></span> <span class='ocrx_word' id='word_1_34' title='bbox 1232 1730 1290 1802; x_wconf 92' lang='lat' dir='ltr'><strong>do·</strong></span> 
     </span>
     <span class='ocr_line' id='line_1_6' title="bbox 289 1828 1288 1915; baseline 0 -15"><span class='ocrx_word' id='word_1_35' title='bbox 289 1852 345 1900; x_wconf 91' lang='lat' dir='ltr'><strong>ruo</strong></span> <span class='ocrx_word' id='word_1_36' title='bbox 359 1830 496 1913; x_wconf 87' lang='lat' dir='ltr'><strong>excessi,</strong></span> <span class='ocrx_word' id='word_1_37' title='bbox 510 1830 582 1914; x_wconf 82' lang='lat' dir='ltr'><strong>ipso</strong></span> <span class='ocrx_word' id='word_1_38' title='bbox 597 1829 680 1900; x_wconf 90' lang='lat' dir='ltr'><strong>mihi</strong></span> <span class='ocrx_word' id='word_1_39' title='bbox 694 1830 820 1900; x_wconf 88' lang='lat' dir='ltr'><strong>ostium</strong></span> <span class='ocrx_word' id='word_1_40' title='bbox 834 1830 1017 1915; x_wconf 85' lang='lat' dir='ltr'><strong>aperiente.</strong></span> <span class='ocrx_word' id='word_1_41' title='bbox 1043 1832 1160 1915; x_wconf 82' lang='lat' dir='ltr'><strong>Atque</strong></span> <span class='ocrx_word' id='word_1_42' title='bbox 1175 1828 1210 1900; x_wconf 92' lang='lat' dir='ltr'><strong>in</strong></span> <span class='ocrx_word' id='word_1_43' title='bbox 1224 1829 1288 1915; x_wconf 79' lang='lat' dir='ltr'><strong>bis,</strong></span> 
     </span>
     <span class='ocr_line' id='line_1_7' title="bbox 288 1930 1017 2014; baseline 0.001 -14"><span class='ocrx_word' id='word_1_44' title='bbox 288 1930 380 2001; x_wconf 88' lang='lat' dir='ltr'><strong>Hera</strong></span> <span class='ocrx_word' id='word_1_45' title='bbox 394 1952 479 2013; x_wconf 84' lang='lat' dir='ltr'><strong>mea,</strong></span> <span class='ocrx_word' id='word_1_46' title='bbox 494 1939 618 2001; x_wconf 86' lang='lat' dir='ltr'><strong>cuncta</strong></span> <span class='ocrx_word' id='word_1_47' title='bbox 632 1952 711 2014; x_wconf 83' lang='lat' dir='ltr'><strong>quoe</strong></span> <span class='ocrx_word' id='word_1_48' title='bbox 725 1930 808 2000; x_wconf 86' lang='lat' dir='ltr'><strong>scivi</strong></span> <span class='ocrx_word' id='word_1_49' title='bbox 822 1930 1017 2001; x_wconf 88' lang='lat' dir='ltr'><strong>edisserui”</strong></span> 
     </span>
    </p>

    <p class='ocr_par' dir='ltr' id='par_1_4' title="bbox 285 2047 1289 2721">
     <span class='ocr_line' id='line_1_8' title="bbox 371 2047 1289 2130; baseline 0.001 -12"><span class='ocrx_word' id='word_1_50' title='bbox 371 2048 451 2118; x_wconf 86' lang='lat' dir='ltr'><strong>Post</strong></span> <span class='ocrx_word' id='word_1_51' title='bbox 466 2047 539 2118; x_wconf 80' lang='lat' dir='ltr'><strong>haec</strong></span> <span class='ocrx_word' id='word_1_52' title='bbox 553 2048 658 2118; x_wconf 81' lang='lat' dir='ltr'><strong>breve</strong></span> <span class='ocrx_word' id='word_1_53' title='bbox 673 2047 844 2118; x_wconf 89' lang='lat' dir='ltr'><strong>silentium</strong></span> <span class='ocrx_word' id='word_1_54' title='bbox 865 2048 997 2118; x_wconf 79' lang='lat' dir='ltr'><strong>iactum</strong></span> <span class='ocrx_word' id='word_1_55' title='bbox 1012 2056 1064 2119; x_wconf 91' lang='lat' dir='ltr'><strong>est</strong></span> <span class='ocrx_word' id='word_1_56' title='bbox 1072 2070 1082 2130; x_wconf 91' lang='lat'>;</span> <span class='ocrx_word' id='word_1_57' title='bbox 1103 2056 1180 2119; x_wconf 91' lang='lat' dir='ltr'><strong>tum</strong></span> <span class='ocrx_word' id='word_1_58' title='bbox 1194 2047 1289 2119; x_wconf 91' lang='lat' dir='ltr'><strong>audi-</strong></span> 
     </span>
     <span class='ocr_line' id='line_1_9' title="bbox 288 2147 1288 2232; baseline 0.002 -15"><span class='ocrx_word' id='word_1_59' title='bbox 288 2148 322 2217; x_wconf 87' lang='lat' dir='ltr'><strong>vi</strong></span> <span class='ocrx_word' id='word_1_60' title='bbox 338 2147 523 2232; x_wconf 78' lang='lat' dir='ltr'><strong>Godfreye</strong></span> <span class='ocrx_word' id='word_1_61' title='bbox 547 2147 717 2232; x_wconf 82' lang='lat' dir='ltr'><strong>profundo</strong></span> <span class='ocrx_word' id='word_1_62' title='bbox 741 2148 976 2232; x_wconf 81' lang='lat' dir='ltr'><strong>suspirantem.</strong></span> <span class='ocrx_word' id='word_1_63' title='bbox 1004 2147 1113 2219; x_wconf 85' lang='lat' dir='ltr'><strong>Facile</strong></span> <span class='ocrx_word' id='word_1_64' title='bbox 1139 2147 1288 2220; x_wconf 84' lang='lat' dir='ltr'><strong>intellexi</strong></span> 
     </span>
     <span class='ocr_line' id='line_1_10' title="bbox 287 2248 1289 2333; baseline 0.003 -15"><span class='ocrx_word' id='word_1_65' title='bbox 287 2249 350 2318; x_wconf 85' lang='lat' dir='ltr'><strong>sibi</strong></span> <span class='ocrx_word' id='word_1_66' title='bbox 365 2270 463 2332; x_wconf 81' lang='lat' dir='ltr'><strong>aeque</strong></span> <span class='ocrx_word' id='word_1_67' title='bbox 478 2271 518 2319; x_wconf 93' lang='lat' dir='ltr'><strong>ac</strong></span> <span class='ocrx_word' id='word_1_68' title='bbox 532 2248 614 2318; x_wconf 88' lang='lat' dir='ltr'><strong>mihi</strong></span> <span class='ocrx_word' id='word_1_69' title='bbox 630 2269 830 2332; x_wconf 87' lang='lat' dir='ltr'><strong>persuasum</strong></span> <span class='ocrx_word' id='word_1_70' title='bbox 845 2270 918 2318; x_wconf 80' lang='lat' dir='ltr'><strong>esse</strong></span> <span class='ocrx_word' id='word_1_71' title='bbox 933 2249 1081 2333; x_wconf 90' lang='lat' dir='ltr'><strong>puellam</strong></span> <span class='ocrx_word' id='word_1_72' title='bbox 1106 2269 1189 2319; x_wconf 90' lang='lat' dir='ltr'><strong>vera</strong></span> <span class='ocrx_word' id='word_1_73' title='bbox 1211 2272 1289 2323; x_wconf 86' lang='lat' dir='ltr'><strong>nar·</strong></span> 
     </span>
     <span class='ocr_line' id='line_1_11' title="bbox 287 2372 388 2421; baseline -0.01 0"><span class='ocrx_word' id='word_1_74' title='bbox 287 2372 388 2421; x_wconf 86' lang='lat' dir='ltr'><strong>rasse.</strong></span> 
     </span>
     <span class='ocr_line' id='line_1_12' title="bbox 371 2448 1287 2534; baseline 0 -13"><span class='ocrx_word' id='word_1_75' title='bbox 371 2450 462 2521; x_wconf 78' lang='lat' dir='ltr'><strong>&#39;him</strong></span> <span class='ocrx_word' id='word_1_76' title='bbox 488 2450 558 2534; x_wconf 88' lang='lat' dir='ltr'><strong>ipse</strong></span> <span class='ocrx_word' id='word_1_77' title='bbox 584 2449 712 2533; x_wconf 89' lang='lat' dir='ltr'><strong>occepit</strong></span> <span class='ocrx_word' id='word_1_78' title='bbox 738 2449 822 2518; x_wconf 83' lang='lat' dir='ltr'><strong>fari:</strong></span> <span class='ocrx_word' id='word_1_79' title='bbox 845 2448 1126 2534; x_wconf 84' lang='lat' dir='ltr'><strong>“Quamprimum</strong></span> <span class='ocrx_word' id='word_1_80' title='bbox 1147 2449 1287 2521; x_wconf 88' lang='lat' dir='ltr'><strong>domum</strong></span> 
     </span>
     <span class='ocr_line' id='line_1_13' title="bbox 285 2548 1288 2635; baseline 0.001 -14"><span class='ocrx_word' id='word_1_81' title='bbox 285 2572 498 2635; x_wconf 85' lang='lat' dir='ltr'><strong>perveneras,</strong></span> <span class='ocrx_word' id='word_1_82' title='bbox 514 2550 633 2635; x_wconf 89' lang='lat' dir='ltr'><strong>utique</strong></span> <span class='ocrx_word' id='word_1_83' title='bbox 647 2571 730 2633; x_wconf 81' lang='lat' dir='ltr'><strong>ergo</strong></span> <span class='ocrx_word' id='word_1_84' title='bbox 740 2570 886 2634; x_wconf 83' lang='lat' dir='ltr'><strong>quaeque</strong></span> <span class='ocrx_word' id='word_1_85' title='bbox 897 2558 1036 2634; x_wconf 84' lang='lat' dir='ltr'><strong>experta</strong></span> <span class='ocrx_word' id='word_1_86' title='bbox 1051 2571 1097 2632; x_wconf 86' lang='lat' dir='ltr'><strong>es,</strong></span> <span class='ocrx_word' id='word_1_87' title='bbox 1112 2548 1205 2621; x_wconf 76' lang='lat' dir='ltr'><strong>hera</strong></span> <span class='ocrx_word' id='word_1_88' title='bbox 1215 2558 1288 2622; x_wconf 80' lang='lat' dir='ltr'><strong>ture</strong></span> 
     </span>
     <span class='ocr_line' id='line_1_14' title="bbox 286 2650 513 2721; baseline 0 0"><span class='ocrx_word' id='word_1_89' title='bbox 286 2651 467 2721; x_wconf 80' lang='lat' dir='ltr'><strong>narravisti</strong></span> <span class='ocrx_word' id='word_1_90' title='bbox 476 2650 513 2721; x_wconf 72' lang='lat' dir='ltr'><strong>t’</strong></span> 
     </span>
    </p>

    <p class='ocr_par' dir='ltr' id='par_1_5' title="bbox 369 2750 858 2834">
     <span class='ocr_line' id='line_1_15' title="bbox 369 2750 858 2834; baseline -0.004 -12"><span class='ocrx_word' id='word_1_91' title='bbox 369 2751 454 2822; x_wconf 83' lang='lat' dir='ltr'><strong>Iulia</strong></span> <span class='ocrx_word' id='word_1_92' title='bbox 468 2750 560 2820; x_wconf 87' lang='lat' dir='ltr'><strong>haud</strong></span> <span class='ocrx_word' id='word_1_93' title='bbox 576 2773 695 2834; x_wconf 89' lang='lat' dir='ltr'><strong>parum</strong></span> <span class='ocrx_word' id='word_1_94' title='bbox 711 2750 858 2821; x_wconf 90' lang='lat' dir='ltr'><strong>erubuit.</strong></span> 
     </span>
    </p>

    <p class='ocr_par' dir='ltr' id='par_1_6' title="bbox 284 2849 1284 3022">
     <span class='ocr_line' id='line_1_16' title="bbox 368 2849 1284 2935; baseline 0.003 -15"><span class='ocrx_word' id='word_1_95' title='bbox 368 2850 466 2921; x_wconf 86' lang='lat' dir='ltr'><strong>“Non</strong></span> <span class='ocrx_word' id='word_1_96' title='bbox 492 2852 568 2933; x_wconf 85' lang='lat' dir='ltr'><strong>feci,</strong></span> <span class='ocrx_word' id='word_1_97' title='bbox 595 2850 685 2921; x_wconf 88' lang='lat' dir='ltr'><strong>Here</strong></span> <span class='ocrx_word' id='word_1_98' title='bbox 707 2851 785 2932; x_wconf 88' lang='lat' dir='ltr'><strong>mi,”</strong></span> <span class='ocrx_word' id='word_1_99' title='bbox 809 2851 981 2934; x_wconf 86' lang='lat' dir='ltr'><strong>respondit</strong></span> <span class='ocrx_word' id='word_1_100' title='bbox 1006 2851 1088 2935; x_wconf 80' lang='lat' dir='ltr'><strong>ipsa,</strong></span> <span class='ocrx_word' id='word_1_101' title='bbox 1114 2849 1217 2922; x_wconf 88' lang='lat' dir='ltr'><strong>“nihil</strong></span> <span class='ocrx_word' id='word_1_102' title='bbox 1238 2851 1284 2923; x_wconf 88' lang='lat' dir='ltr'><strong>illi</strong></span> 
     </span>
     <span class='ocr_line' id='line_1_17' title="bbox 284 2952 451 3022; baseline 0 -42"><span class='ocrx_word' id='word_1_103' title='bbox 284 2952 451 3022; x_wconf 58' lang='lat' dir='ltr'><strong>namn„</strong></span> 
     </span>
    </p>

    <p class='ocr_par' dir='ltr' id='par_1_7' title="bbox 285 3050 1286 3236">
     <span class='ocr_line' id='line_1_18' title="bbox 367 3050 1286 3136; baseline 0.001 -14"><span class='ocrx_word' id='word_1_104' title='bbox 367 3050 434 3122; x_wconf 77' lang='lat' dir='ltr'><strong>“At</strong></span> <span class='ocrx_word' id='word_1_105' title='bbox 449 3074 514 3136; x_wconf 81' lang='lat' dir='ltr'><strong>ego</strong></span> <span class='ocrx_word' id='word_1_106' title='bbox 529 3059 685 3135; x_wconf 89' lang='lat' dir='ltr'><strong>putarem</strong></span> <span class='ocrx_word' id='word_1_107' title='bbox 701 3058 736 3120; x_wconf 90' lang='lat' dir='ltr'><strong>te</strong></span> <span class='ocrx_word' id='word_1_108' title='bbox 751 3058 847 3120; x_wconf 92' lang='lat' dir='ltr'><strong>tuam</strong></span> <span class='ocrx_word' id='word_1_109' title='bbox 863 3050 965 3121; x_wconf 87' lang='lat' dir='ltr'><strong>fidem</strong></span> <span class='ocrx_word' id='word_1_110' title='bbox 980 3050 1081 3121; x_wconf 81' lang='lat' dir='ltr'><strong>factis</strong></span> <span class='ocrx_word' id='word_1_111' title='bbox 1090 3051 1286 3135; x_wconf 90' lang='lat' dir='ltr'><strong>comproba·</strong></span> 
     </span>
     <span class='ocr_line' id='line_1_19' title="bbox 285 3151 1220 3236; baseline 0.001 -15"><span class='ocrx_word' id='word_1_112' title='bbox 285 3174 321 3221; x_wconf 88' lang='lat' dir='ltr'><strong>re</strong></span> <span class='ocrx_word' id='word_1_113' title='bbox 335 3152 511 3234; x_wconf 81' lang='lat' dir='ltr'><strong>voluisse,”</strong></span> <span class='ocrx_word' id='word_1_114' title='bbox 527 3152 638 3236; x_wconf 81' lang='lat' dir='ltr'><strong>pergit</strong></span> <span class='ocrx_word' id='word_1_115' title='bbox 653 3151 804 3234; x_wconf 75' lang='lat' dir='ltr'><strong>Godrrey</strong></span> <span class='ocrx_word' id='word_1_116' title='bbox 819 3173 881 3221; x_wconf 89' lang='lat' dir='ltr'><strong>suo</strong></span> <span class='ocrx_word' id='word_1_117' title='bbox 896 3151 996 3222; x_wconf 90' lang='lat' dir='ltr'><strong>modo</strong></span> <span class='ocrx_word' id='word_1_118' title='bbox 1011 3151 1220 3222; x_wconf 86' lang='lat' dir='ltr'><strong>suavissimo.</strong></span> 
     </span>
    </p>

    <p class='ocr_par' dir='ltr' id='par_1_8' title="bbox 283 3268 1285 3453">
     <span class='ocr_line' id='line_1_20' title="bbox 366 3268 1284 3352; baseline 0 -13"><span class='ocrx_word' id='word_1_119' title='bbox 366 3268 460 3352; x_wconf 73' lang='lat' dir='ltr'><strong>“ligo</strong></span> <span class='ocrx_word' id='word_1_120' title='bbox 476 3291 557 3339; x_wconf 90' lang='lat' dir='ltr'><strong>vero</strong></span> <span class='ocrx_word' id='word_1_121' title='bbox 572 3269 643 3338; x_wconf 90' lang='lat' dir='ltr'><strong>sine</strong></span> <span class='ocrx_word' id='word_1_122' title='bbox 658 3268 779 3338; x_wconf 89' lang='lat' dir='ltr'><strong>litteris</strong></span> <span class='ocrx_word' id='word_1_123' title='bbox 801 3269 954 3351; x_wconf 89' lang='lat' dir='ltr'><strong>verebar,</strong></span> <span class='ocrx_word' id='word_1_124' title='bbox 977 3290 1021 3338; x_wconf 92' lang='lat' dir='ltr'><strong>ne</strong></span> <span class='ocrx_word' id='word_1_125' title='bbox 1047 3290 1123 3338; x_wconf 87' lang='lat' dir='ltr'><strong>mea</strong></span> <span class='ocrx_word' id='word_1_126' title='bbox 1147 3268 1284 3340; x_wconf 91' lang='lat' dir='ltr'><strong>consilia</strong></span> 
     </span>
     <span class='ocr_line' id='line_1_21' title="bbox 283 3368 1285 3453; baseline 0.003 -16"><span class='ocrx_word' id='word_1_127' title='bbox 283 3368 355 3452; x_wconf 93' lang='lat' dir='ltr'><strong>ipsa</strong></span> <span class='ocrx_word' id='word_1_128' title='bbox 370 3369 404 3438; x_wconf 93' lang='lat' dir='ltr'><strong>in</strong></span> <span class='ocrx_word' id='word_1_129' title='bbox 419 3371 543 3439; x_wconf 88' lang='lat' dir='ltr'><strong>malam</strong></span> <span class='ocrx_word' id='word_1_130' title='bbox 558 3369 841 3452; x_wconf 84' lang='lat' dir='ltr'><strong>interpretaretur</strong></span> <span class='ocrx_word' id='word_1_131' title='bbox 855 3369 1019 3453; x_wconf 86' lang='lat' dir='ltr'><strong>partem,”</strong></span> <span class='ocrx_word' id='word_1_132' title='bbox 1039 3368 1088 3438; x_wconf 89' lang='lat' dir='ltr'><strong>ait</strong></span> <span class='ocrx_word' id='word_1_133' title='bbox 1108 3368 1193 3439; x_wconf 92' lang='lat' dir='ltr'><strong>Iulia</strong></span> <span class='ocrx_word' id='word_1_134' title='bbox 1207 3390 1285 3440; x_wconf 89' lang='lat' dir='ltr'><strong>con·</strong></span> 
     </span>
    </p>

    <p class='ocr_par' dir='ltr' id='par_1_9' title="bbox 281 3568 1284 3753">
     <span class='ocr_line' id='line_1_22' title="bbox 366 3568 1284 3654; baseline 0 -15"><span class='ocrx_word' id='word_1_135' title='bbox 366 3568 557 3640; x_wconf 86' lang='lat' dir='ltr'><strong>“Praeterea</strong></span> <span class='ocrx_word' id='word_1_136' title='bbox 572 3569 643 3639; x_wconf 92' lang='lat' dir='ltr'><strong>sine</strong></span> <span class='ocrx_word' id='word_1_137' title='bbox 658 3568 779 3639; x_wconf 86' lang='lat' dir='ltr'><strong>litteris</strong></span> <span class='ocrx_word' id='word_1_138' title='bbox 793 3569 914 3653; x_wconf 89' lang='lat' dir='ltr'><strong>utique</strong></span> <span class='ocrx_word' id='word_1_139' title='bbox 929 3569 1061 3639; x_wconf 90' lang='lat' dir='ltr'><strong>nullum</strong></span> <span class='ocrx_word' id='word_1_140' title='bbox 1072 3568 1284 3654; x_wconf 80' lang='lat' dir='ltr'><strong>praemiunr,”</strong></span> 
     </span>
     <span class='ocr_line' id='line_1_23' title="bbox 281 3669 569 3753; baseline 0 -13"><span class='ocrx_word' id='word_1_141' title='bbox 281 3670 394 3753; x_wconf 85' lang='lat' dir='ltr'><strong>explet</strong></span> <span class='ocrx_word' id='word_1_142' title='bbox 409 3669 569 3753; x_wconf 82' lang='lat' dir='ltr'><strong>Godfrey.</strong></span> 
     </span>
    </p>

    <p class='ocr_par' dir='ltr' id='par_1_10' title="bbox 283 3786 1283 3959">
     <span class='ocr_line' id='line_1_24' title="bbox 366 3786 1283 3871; baseline 0.001 -13"><span class='ocrx_word' id='word_1_143' title='bbox 366 3787 452 3858; x_wconf 90' lang='lat' dir='ltr'><strong>Iulia</strong></span> <span class='ocrx_word' id='word_1_144' title='bbox 466 3787 548 3857; x_wconf 91' lang='lat' dir='ltr'><strong>nihil</strong></span> <span class='ocrx_word' id='word_1_145' title='bbox 564 3787 745 3870; x_wconf 87' lang='lat' dir='ltr'><strong>respondit,</strong></span> <span class='ocrx_word' id='word_1_146' title='bbox 760 3787 820 3858; x_wconf 88' lang='lat' dir='ltr'><strong>sed</strong></span> <span class='ocrx_word' id='word_1_147' title='bbox 835 3808 957 3871; x_wconf 88' lang='lat' dir='ltr'><strong>parum</strong></span> <span class='ocrx_word' id='word_1_148' title='bbox 978 3786 1152 3857; x_wconf 90' lang='lat' dir='ltr'><strong>commode</strong></span> <span class='ocrx_word' id='word_1_149' title='bbox 1167 3808 1203 3858; x_wconf 88' lang='lat' dir='ltr'><strong>se</strong></span> <span class='ocrx_word' id='word_1_150' title='bbox 1224 3787 1283 3859; x_wconf 87' lang='lat' dir='ltr'><strong>ha·</strong></span> 
     </span>
     <span class='ocr_line' id='line_1_25' title="bbox 283 3887 569 3959; baseline -0.007 0"><span class='ocrx_word' id='word_1_151' title='bbox 283 3887 363 3959; x_wconf 89' lang='lat' dir='ltr'><strong>bere</strong></span> <span class='ocrx_word' id='word_1_152' title='bbox 379 3888 569 3958; x_wconf 88' lang='lat' dir='ltr'><strong>videbatur.</strong></span> 
     </span>
    </p>

    <p class='ocr_par' dir='ltr' id='par_1_11' title="bbox 365 3987 963 4071">
     <span class='ocr_line' id='line_1_26' title="bbox 365 3987 963 4071; baseline -0.002 -13"><span class='ocrx_word' id='word_1_153' title='bbox 365 3988 494 4071; x_wconf 88' lang='lat' dir='ltr'><strong>Deniqe</strong></span> <span class='ocrx_word' id='word_1_154' title='bbox 509 3995 665 4057; x_wconf 89' lang='lat' dir='ltr'><strong>matrona</strong></span> <span class='ocrx_word' id='word_1_155' title='bbox 679 3989 792 4058; x_wconf 87' lang='lat' dir='ltr'><strong>velata</strong></span> <span class='ocrx_word' id='word_1_156' title='bbox 807 3987 963 4058; x_wconf 84' lang='lat' dir='ltr'><strong>surrexit.</strong></span> 
     </span>
    </p>
   </div>
   <div class='ocr_carea' id='block_1_3' title="bbox 281 4103 1282 4290">
    <p class='ocr_par' dir='ltr' id='par_1_12' title="bbox 281 4103 1282 4290">
     <span class='ocr_line' id='line_1_27' title="bbox 364 4103 1282 4188; baseline -0.002 -11"><span class='ocrx_word' id='word_1_157' title='bbox 364 4105 522 4177; x_wconf 80' lang='lat' dir='ltr'><strong>“Ullame</strong></span> <span class='ocrx_word' id='word_1_158' title='bbox 537 4106 682 4188; x_wconf 91' lang='lat' dir='ltr'><strong>omplius</strong></span> <span class='ocrx_word' id='word_1_159' title='bbox 696 4105 801 4176; x_wconf 88' lang='lat' dir='ltr'><strong>habes</strong></span> <span class='ocrx_word' id='word_1_160' title='bbox 815 4104 1030 4188; x_wconf 77' lang='lat' dir='ltr'><strong>quaestiones,</strong></span> <span class='ocrx_word' id='word_1_161' title='bbox 1045 4124 1132 4187; x_wconf 85' lang='lat' dir='ltr'><strong>quas</strong></span> <span class='ocrx_word' id='word_1_162' title='bbox 1147 4103 1191 4174; x_wconf 90' lang='lat' dir='ltr'><strong>illi</strong></span> <span class='ocrx_word' id='word_1_163' title='bbox 1207 4124 1282 4188; x_wconf 91' lang='lat' dir='ltr'><strong>pro·</strong></span> 
     </span>
     <span class='ocr_line' id='line_1_28' title="bbox 281 4205 838 4290; baseline -0.004 -14"><span class='ocrx_word' id='word_1_164' title='bbox 281 4228 405 4289; x_wconf 89' lang='lat' dir='ltr'><strong>ponere</strong></span> <span class='ocrx_word' id='word_1_165' title='bbox 420 4206 505 4276; x_wconf 84' lang='lat' dir='ltr'><strong>velis</strong></span> <span class='ocrx_word' id='word_1_166' title='bbox 512 4205 549 4275; x_wconf 83' lang='lat'><strong>?”</strong></span> <span class='ocrx_word' id='word_1_167' title='bbox 565 4205 742 4290; x_wconf 77' lang='lat' dir='ltr'><strong>quaerebat</strong></span> <span class='ocrx_word' id='word_1_168' title='bbox 756 4206 838 4289; x_wconf 84' lang='lat' dir='ltr'><strong>ipsa</strong></span> 
     </span>
    </p>
   </div>
   <div class='ocr_carea' id='block_1_4' title="bbox 280 4319 1280 4506">
    <p class='ocr_par' dir='ltr' id='par_1_13' title="bbox 280 4319 1280 4506">
     <span class='ocr_line' id='line_1_29' title="bbox 363 4319 1280 4406; baseline -0.001 -13"><span class='ocrx_word' id='word_1_169' title='bbox 363 4323 505 4393; x_wconf 84' lang='lat' dir='ltr'><strong>“Nullas</strong></span> <span class='ocrx_word' id='word_1_170' title='bbox 533 4322 687 4406; x_wconf 75' lang='lat' dir='ltr'><strong>omplius,</strong></span> <span class='ocrx_word' id='word_1_171' title='bbox 717 4343 793 4392; x_wconf 89' lang='lat' dir='ltr'><strong>mea</strong></span> <span class='ocrx_word' id='word_1_172' title='bbox 829 4321 952 4404; x_wconf 80' lang='lat' dir='ltr'><strong>Hera,”</strong></span> <span class='ocrx_word' id='word_1_173' title='bbox 982 4320 1089 4391; x_wconf 81' lang='lat' dir='ltr'><strong>refert</strong></span> <span class='ocrx_word' id='word_1_174' title='bbox 1119 4319 1280 4405; x_wconf 79' lang='lat' dir='ltr'><strong>Godirey.</strong></span> 
     </span>
     <span class='ocr_line' id='line_1_30' title="bbox 280 4422 1035 4506; baseline -0.004 -12"><span class='ocrx_word' id='word_1_175' title='bbox 280 4423 449 4494; x_wconf 85' lang='lat' dir='ltr'><strong>“Historia</strong></span> <span class='ocrx_word' id='word_1_176' title='bbox 464 4423 611 4493; x_wconf 84' lang='lat' dir='ltr'><strong>exomni</strong></span> <span class='ocrx_word' id='word_1_177' title='bbox 627 4444 770 4494; x_wconf 89' lang='lat' dir='ltr'><strong>numero</strong></span> <span class='ocrx_word' id='word_1_178' title='bbox 785 4430 837 4493; x_wconf 88' lang='lat' dir='ltr'><strong>est</strong></span> <span class='ocrx_word' id='word_1_179' title='bbox 852 4422 1035 4506; x_wconf 81' lang='lat' dir='ltr'><strong>perfecta”</strong></span> 
     </span>
    </p>
   </div>
   <div class='ocr_carea' id='block_1_5' title="bbox 365 4537 1280 4626">
    <p class='ocr_par' dir='ltr' id='par_1_14' title="bbox 365 4537 1280 4626">
     <span class='ocr_line' id='line_1_31' title="bbox 365 4537 1280 4626; baseline -0.004 -13"><span class='ocrx_word' id='word_1_180' title='bbox 365 4541 451 4613; x_wconf 89' lang='lat' dir='ltr'><strong>Iulia</strong></span> <span class='ocrx_word' id='word_1_181' title='bbox 465 4540 581 4626; x_wconf 88' lang='lat' dir='ltr'><strong>itaque</strong></span> <span class='ocrx_word' id='word_1_182' title='bbox 596 4540 740 4625; x_wconf 89' lang='lat' dir='ltr'><strong>sumpsit</strong></span> <span class='ocrx_word' id='word_1_183' title='bbox 755 4561 858 4611; x_wconf 90' lang='lat' dir='ltr'><strong>suum</strong></span> <span class='ocrx_word' id='word_1_184' title='bbox 883 4539 1010 4623; x_wconf 84' lang='lat' dir='ltr'><strong>velum,</strong></span> <span class='ocrx_word' id='word_1_185' title='bbox 1024 4538 1131 4610; x_wconf 83' lang='lat' dir='ltr'><strong>oculis</strong></span> <span class='ocrx_word' id='word_1_186' title='bbox 1144 4537 1280 4610; x_wconf 89' lang='lat' dir='ltr'><strong>interim</strong></span> 
     </span>
    </p>
   </div>
   <div class='ocr_carea' id='block_1_6' title="bbox 0 0 1580 5468">
    <p class='ocr_par' dir='ltr' id='par_1_15' title="bbox 0 0 1580 5468">
     <span class='ocr_line' id='line_1_32' title="bbox 0 0 1580 5468; baseline 0 4"><span class='ocrx_word' id='word_1_187' title='bbox 0 0 1580 5468; x_wconf 95' lang='lat' dir='ltr'><strong> </strong></span> 
     </span>
    </p>
   </div>
  </div>
 </body>
</html>
