3128 5016
382 863 384 867 Ι
456 785 651 840 cnoonnno
673 784 854 840 nnnooun
875 783 1013 839 scmnrr
1170 766 1233 837 315

230 977 268 1025 ra
283 955 396 1025 visum
410 977 464 1024 me
480 955 584 1024 venit.
597 954 698 1023 Modo
708 960 845 1023 tantum
859 976 880 1023 a
895 951 1129 1022 Promontorio
1151 948 1232 1032 Cod,

231 1055 289 1125 ubi
315 1055 537 1138 septimanam
563 1076 697 1124 summo
722 1053 928 1124 valetudinis
956 1074 1043 1123 meae
1070 1050 1232 1122 beneficio

230 1176 422 1239 exegeram,
438 1177 596 1225 reversus
611 1176 705 1236 sum;
728 1176 790 1224 nec
805 1162 857 1223 est
872 1176 933 1223 cur
948 1174 1097 1223 asseram
1112 1172 1228 1222 conve

231 1256 320 1325 nisse
335 1277 415 1325 eum
430 1255 580 1325 maximo
595 1255 678 1324 mihi
692 1255 800 1324 fuisse
815 1255 1072 1324 delectamento.

314 1371 490 1454 “Denique
505 1378 645 1454 aspectu
669 1372 737 1441 iam
758 1372 882 1441 iterum
898 1370 950 1440 tui
964 1392 1002 1440 es
1016 1369 1161 1453 similis,”
1176 1390 1232 1439 me

230 1472 359 1542 affatur
370 1479 483 1541 totum
494 1472 600 1542 oculis
610 1473 768 1542 lustrans.
780 1471 867 1541 “Per
873 1470 1009 1554 aliquod
1016 1478 1155 1553 tempus
1162 1491 1231 1539 non

230 1595 352 1657 pamm
370 1573 412 1642 de
427 1580 462 1642 te
478 1572 640 1642 sollicitus
655 1573 779 1642 eram.'’

314 1689 522 1773 “Nunquam
544 1689 667 1759 melius
681 1688 784 1758 salui.
807 1687 937 1771 Saepius
960 1695 995 1757 te
1010 1687 1127 1758 monui
1150 1686 1233 1757 nihil

229 1791 273 1861 ad
288 1791 520 1861 valetudinem
535 1812 647 1859 meam
672 1789 864 1871 desiderari,
886 1789 950 1858 nisi
966 1800 1007 1858 ut
1030 1789 1232 1871 mysterium

228 1891 310 1961 iilud
325 1891 463 1960 tandem
477 1890 658 1973 aliquando
673 1890 857 1960 solvatur.”

314 2007 379 2077 “Et
394 2008 427 2077 id
444 2009 594 2078 solutum
610 2015 661 2077 est
677 2008 720 2077 ad
736 2015 872 2090 tempus
886 2014 1024 2087 statum,
1053 2027 1165 2075 nonne
1180 2013 1233 2075 est

230 2109 394 2178 verum?”
411 2108 534 2190 quaerit
550 2108 736 2188 subridens,
766 2107 921 2177 “tametsi
944 2129 1012 2176 non
1036 2129 1077 2176 eo
1092 2127 1160 2189 quo
1175 2127 1233 2175 ex·

230 2209 380 2292 spectavi
396 2208 505 2277 modo.
528 2208 618 2277 Scito
634 2216 759 2289 tamen,
784 2208 912 2289 Lester,
936 2208 1096 2277 futurum
1119 2214 1161 2276 ut
1180 2228 1234 2275 ar·

229 2331 304 2378 cam
319 2331 395 2378 eam
411 2308 494 2377 mihi
509 2308 708 2389 vindicem,”
724 2307 836 2390 inquit
852 2306 1017 2377 renidens

314 2409 492 2492 “Quanam
508 2409 625 2491 lege?’'
641 2430 768 2490 quaero.

314 2508 435 2589 “Quod
451 2508 608 2577 dominus
622 2508 773 2578 eiusdem
790 2508 871 2577 mihi
886 2530 961 2577 eam
977 2507 1149 2589 donavit,”
1160 2506 1233 2591 qui·

230 2610 295 2680 bus
310 2609 424 2678 verbis
439 2607 634 2678 schedulam
650 2631 668 2677 e
684 2630 846 2677 crumena
861 2630 924 2677 sua
938 2608 1156 2691 exprompsit,
1171 2608 1233 2677 mi·

116 2726 119 2730 ·
231 2710 334 2793 hique
351 2708 511 2791 porrexit.

315 2809 462 2877 Evoluta
477 2807 638 2877 schedula
653 2808 856 2891 scripturam
871 2807 1030 2877 subtilem
1055 2830 1095 2879 ac
1118 2809 1232 2880 foemi·

230 2910 356 2991 ninam,
372 2931 476 2992 quam
491 2909 594 2978 semel
608 2909 676 2978 iam
692 2916 793 2978 antea
807 2908 969 2990 videram,
984 2909 1120 2991 agnovi.

320 3060 437 3128 “Here
454 3061 504 3128 mi
523 3061 778 3129 humanissime
803 3063 893 3135 (erat
907 3059 1051 3142 epistolii
1076 3064 1210 3136 textus)

314 3226 491 3309 “Comperi
503 3250 558 3296 me
571 3249 669 3309 aequo
685 3227 824 3295 minoris
838 3234 873 3295 te
888 3227 1020 3308 secisse,
1032 3234 1068 3295 et
1079 3227 1122 3297 ob
1131 3227 1166 3297 id
1176 3249 1232 3297 me

231 3320 418 3394 purgatum
433 3310 493 3379 tibi
506 3333 578 3379 esse
590 3311 701 3379 velim.
719 3310 858 3379 Confido
869 3311 918 3379 ita
928 3309 1009 3379 mihi
1021 3310 1233 3393 aliquandoa

231 3396 372 3463 fortuna
386 3395 524 3462 fautum
538 3395 578 3463 iri
603 3404 642 3463 ut
658 3395 693 3462 in
708 3402 819 3476 coepto
841 3394 989 3475 quodam
1004 3402 1119 3463 tecum
1131 3395 1167 3463 in
1181 3398 1233 3463 vi·

230 3500 286 3546 ces
300 3478 406 3547 iuncti
422 3479 529 3547 simus
543 3514 584 3522 —
600 3478 712 3547 exitus
732 3477 830 3546 cuius
853 3478 1006 3560 profecto
1031 3477 1233 3549 vicissitudi-

231 3562 332 3630 nibus
346 3562 442 3630 miris
455 3561 546 3630 haud
562 3562 732 3630 cariturus
753 3560 807 3630 sit.
829 3561 876 3629 At
891 3583 982 3629 nunc
997 3561 1033 3629 in
1058 3562 1231 3645 Europam

232 3668 286 3713 me
302 3645 412 3713 redire
429 3668 489 3717 ner
504 3648 557 3713 Lu
569 3648 742 3726 Brotupne
753 3666 888 3713 neccsse
900 3652 962 3723 est;
973 3644 1046 3713 fieri
1057 3646 1147 3715 enirn
1202 3668 1232 3715 s

231 3751 343 3798 senon
353 3729 508 3809 arbitror,
518 3736 593 3810 post
603 3728 794 3796 discrimina
805 3750 882 3810 quae
891 3728 1095 3810 subiveram,
1105 3738 1144 3798 ut
1152 3668 1233 3799 ἔξω

231 3813 448 3882 Celsitudinis
462 3812 578 3893 Magni
594 3812 697 3881 Ducis
708 3812 908 3881 adamantes
918 3812 1081 3881 deseram.
1092 3812 1232 3883 Confido

231 3917 368 3977 sperare
385 3895 466 3963 mihi
482 3896 581 3963 licere
595 3904 636 3964 ut
651 3904 701 3977 tu,
717 3896 822 3965 veluti
839 3896 963 3978 pignus
988 3918 1074 3965 meae
1098 3918 1182 3979 erga
1195 3904 1231 3966 te

233 4002 376 4048 summae
392 3979 636 4059 aestimationis,
650 4002 763 4049 arcam
781 3980 886 4049 Boule
901 3980 1051 4062 accipere
1062 4002 1083 4049 a
1094 4001 1149 4049 me
1162 4002 1232 4049 non

231 4066 386 4146 gravere,
401 4084 516 4145 quam,
532 4085 733 4147 persuasum
749 4064 869 4146 habeo,
892 4064 1061 4148 optimum
1077 4071 1233 4135 nostrum
