<?xml version="1.0" encoding="UTF-8"?>
<!DOCTYPE html PUBLIC "-//W3C//DTD XHTML 1.0 Transitional//EN"
    "http://www.w3.org/TR/xhtml1/DTD/xhtml1-transitional.dtd">
<html xmlns="http://www.w3.org/1999/xhtml" xml:lang="en" lang="en">
 <head>
  <title>
</title>
<meta http-equiv="Content-Type" content="text/html;charset=utf-8" />
  <meta name='ocr-system' content='tesseract 3.04.00' />
  <meta name='ocr-capabilities' content='ocr_page ocr_carea ocr_par ocr_line ocrx_word'/>
</head>
<body>
  <div class='ocr_page' id='page_1' title='image "./mysteriumarcbou00stevgoog/mysteriumarcbou00stevgoog_0133.png"; bbox 0 0 3128 5016; ppageno 0'>
   <div class='ocr_carea' id='block_1_1' title="bbox 580 808 1246 881">
    <p class='ocr_par' dir='ltr' id='par_1_1' title="bbox 580 808 1246 881">
     <span class='ocr_line' id='line_1_1' title="bbox 580 808 1246 881; baseline -0.002 -2"><span class='ocrx_word' id='word_1_1' title='bbox 580 822 687 881; x_wconf 85' lang='lat' dir='ltr'>ocuu</span> <span class='ocrx_word' id='word_1_2' title='bbox 708 823 895 878; x_wconf 72' lang='lat' dir='ltr'>xnnmvm</span> <span class='ocrx_word' id='word_1_3' title='bbox 1184 808 1246 878; x_wconf 85' lang='lat'>121</span> 
     </span>
    </p>
   </div>
   <div class='ocr_carea' id='block_1_2' title="bbox 240 991 1251 3773">
    <p class='ocr_par' dir='ltr' id='par_1_2' title="bbox 241 991 1248 1161">
     <span class='ocr_line' id='line_1_2' title="bbox 241 991 1248 1076; baseline 0.001 -14"><span class='ocrx_word' id='word_1_4' title='bbox 241 992 387 1076; x_wconf 91' lang='lat' dir='ltr'>denique</span> <span class='ocrx_word' id='word_1_5' title='bbox 402 1014 445 1062; x_wconf 92' lang='lat' dir='ltr'>ex</span> <span class='ocrx_word' id='word_1_6' title='bbox 460 992 528 1061; x_wconf 90' lang='lat' dir='ltr'>imo</span> <span class='ocrx_word' id='word_1_7' title='bbox 543 1014 631 1062; x_wconf 85' lang='lat' dir='ltr'>arcae</span> <span class='ocrx_word' id='word_1_8' title='bbox 645 992 755 1062; x_wconf 83' lang='lat' dir='ltr'>fundo</span> <span class='ocrx_word' id='word_1_9' title='bbox 770 1013 843 1062; x_wconf 88' lang='lat' dir='ltr'>sese</span> <span class='ocrx_word' id='word_1_10' title='bbox 859 991 1031 1075; x_wconf 91' lang='lat' dir='ltr'>subduxit,</span> <span class='ocrx_word' id='word_1_11' title='bbox 1053 998 1148 1062; x_wconf 91' lang='lat' dir='ltr'>totus</span> <span class='ocrx_word' id='word_1_12' title='bbox 1172 993 1248 1063; x_wconf 91' lang='lat' dir='ltr'>vul·</span> 
     </span>
     <span class='ocr_line' id='line_1_3' title="bbox 243 1092 626 1161; baseline 0.003 -1"><span class='ocrx_word' id='word_1_13' title='bbox 243 1100 301 1161; x_wconf 85' lang='lat' dir='ltr'>tus</span> <span class='ocrx_word' id='word_1_14' title='bbox 316 1092 438 1161; x_wconf 91' lang='lat' dir='ltr'>sudore</span> <span class='ocrx_word' id='word_1_15' title='bbox 454 1092 626 1161; x_wconf 87' lang='lat' dir='ltr'><strong>manabat.</strong></span> 
     </span>
    </p>

    <p class='ocr_par' dir='ltr' id='par_1_3' title="bbox 242 1190 1248 1561">
     <span class='ocr_line' id='line_1_4' title="bbox 327 1190 1248 1274; baseline 0.001 -13"><span class='ocrx_word' id='word_1_16' title='bbox 327 1190 442 1274; x_wconf 88' lang='lat' dir='ltr'>“Opus</span> <span class='ocrx_word' id='word_1_17' title='bbox 456 1192 603 1261; x_wconf 90' lang='lat' dir='ltr'>arduum</span> <span class='ocrx_word' id='word_1_18' title='bbox 611 1193 694 1273; x_wconf 89' lang='lat' dir='ltr'>est,”</span> <span class='ocrx_word' id='word_1_19' title='bbox 704 1191 815 1274; x_wconf 91' lang='lat' dir='ltr'>inquit</span> <span class='ocrx_word' id='word_1_20' title='bbox 825 1191 963 1260; x_wconf 90' lang='lat' dir='ltr'>demum</span> <span class='ocrx_word' id='word_1_21' title='bbox 971 1191 1131 1274; x_wconf 86' lang='lat' dir='ltr'>residens,</span> <span class='ocrx_word' id='word_1_22' title='bbox 1139 1193 1248 1262; x_wconf 85' lang='lat' dir='ltr'>front-</span> 
     </span>
     <span class='ocr_line' id='line_1_5' title="bbox 242 1291 1248 1376; baseline 0.002 -16"><span class='ocrx_word' id='word_1_23' title='bbox 242 1313 366 1374; x_wconf 90' lang='lat' dir='ltr'>emque</span> <span class='ocrx_word' id='word_1_24' title='bbox 395 1292 564 1361; x_wconf 88' lang='lat' dir='ltr'>tersitans.</span> <span class='ocrx_word' id='word_1_25' title='bbox 611 1291 772 1373; x_wconf 86' lang='lat' dir='ltr'>“Tamen,</span> <span class='ocrx_word' id='word_1_26' title='bbox 802 1312 925 1373; x_wconf 92' lang='lat' dir='ltr'>nonne,</span> <span class='ocrx_word' id='word_1_27' title='bbox 955 1291 1084 1373; x_wconf 91' lang='lat' dir='ltr'>Lester,</span> <span class='ocrx_word' id='word_1_28' title='bbox 1112 1313 1248 1376; x_wconf 83' lang='lat' dir='ltr'>magnae</span> 
     </span>
     <span class='ocr_line' id='line_1_6' title="bbox 243 1391 1247 1475; baseline 0.002 -15"><span class='ocrx_word' id='word_1_29' title='bbox 243 1391 505 1474; x_wconf 86' lang='lat' dir='ltr'>pulchritudinis</span> <span class='ocrx_word' id='word_1_30' title='bbox 526 1392 592 1461; x_wconf 90' lang='lat' dir='ltr'>ista</span> <span class='ocrx_word' id='word_1_31' title='bbox 614 1392 691 1461; x_wconf 85' lang='lat' dir='ltr'>est?</span> <span class='ocrx_word' id='word_1_32' title='bbox 714 1393 851 1472; x_wconf 86' lang='lat' dir='ltr'>Quanto</span> <span class='ocrx_word' id='word_1_33' title='bbox 879 1391 957 1473; x_wconf 89' lang='lat' dir='ltr'>plus</span> <span class='ocrx_word' id='word_1_34' title='bbox 979 1413 1054 1460; x_wconf 94' lang='lat' dir='ltr'>eam</span> <span class='ocrx_word' id='word_1_35' title='bbox 1083 1392 1247 1475; x_wconf 87' lang='lat' dir='ltr'>speculor,</span> 
     </span>
     <span class='ocr_line' id='line_1_7' title="bbox 244 1492 766 1561; baseline 0.002 -1"><span class='ocrx_word' id='word_1_36' title='bbox 244 1499 342 1561; x_wconf 93' lang='lat' dir='ltr'>tanto</span> <span class='ocrx_word' id='word_1_37' title='bbox 357 1492 494 1560; x_wconf 90' lang='lat' dir='ltr'>videtur</span> <span class='ocrx_word' id='word_1_38' title='bbox 509 1492 766 1561; x_wconf 86' lang='lat' dir='ltr'>admirabilior.’&#39;</span> 
     </span>
    </p>

    <p class='ocr_par' dir='ltr' id='par_1_4' title="bbox 241 1590 1247 1775">
     <span class='ocr_line' id='line_1_8' title="bbox 327 1590 1247 1675; baseline 0.001 -15"><span class='ocrx_word' id='word_1_39' title='bbox 327 1590 500 1674; x_wconf 87' lang='lat' dir='ltr'>“Explicui</span> <span class='ocrx_word' id='word_1_40' title='bbox 516 1600 550 1660; x_wconf 94' lang='lat' dir='ltr'>et</span> <span class='ocrx_word' id='word_1_41' title='bbox 565 1592 712 1661; x_wconf 91' lang='lat' dir='ltr'>Vantine</span> <span class='ocrx_word' id='word_1_42' title='bbox 727 1614 781 1661; x_wconf 92' lang='lat' dir='ltr'>me</span> <span class='ocrx_word' id='word_1_43' title='bbox 796 1591 870 1661; x_wconf 91' lang='lat' dir='ltr'>eius</span> <span class='ocrx_word' id='word_1_44' title='bbox 893 1592 940 1660; x_wconf 91' lang='lat' dir='ltr'>rei</span> <span class='ocrx_word' id='word_1_45' title='bbox 964 1591 1108 1662; x_wconf 91' lang='lat' dir='ltr'>iudicem</span> <span class='ocrx_word' id='word_1_46' title='bbox 1130 1613 1247 1675; x_wconf 91' lang='lat' dir='ltr'>parem</span> 
     </span>
     <span class='ocr_line' id='line_1_9' title="bbox 241 1691 1022 1775; baseline -0.001 -14"><span class='ocrx_word' id='word_1_47' title='bbox 241 1692 334 1761; x_wconf 92' lang='lat' dir='ltr'>haud</span> <span class='ocrx_word' id='word_1_48' title='bbox 350 1693 453 1773; x_wconf 83' lang='lat' dir='ltr'>esse‚”</span> <span class='ocrx_word' id='word_1_49' title='bbox 470 1692 636 1775; x_wconf 83' lang='lat' dir='ltr'>respondi,</span> <span class='ocrx_word' id='word_1_50' title='bbox 652 1691 784 1774; x_wconf 86' lang='lat' dir='ltr'>“neque</span> <span class='ocrx_word' id='word_1_51' title='bbox 799 1692 899 1760; x_wconf 90' lang='lat' dir='ltr'>modo</span> <span class='ocrx_word' id='word_1_52' title='bbox 914 1692 1022 1760; x_wconf 83' lang='lat' dir='ltr'>sum.&#39;’</span> 
     </span>
    </p>

    <p class='ocr_par' dir='ltr' id='par_1_5' title="bbox 240 1790 1249 2873">
     <span class='ocr_line' id='line_1_10' title="bbox 326 1790 1247 1875; baseline 0.002 -15"><span class='ocrx_word' id='word_1_53' title='bbox 326 1790 380 1860; x_wconf 86' lang='lat' dir='ltr'>“N</span> <span class='ocrx_word' id='word_1_54' title='bbox 382 1813 400 1861; x_wconf 92' lang='lat' dir='ltr'>e</span> <span class='ocrx_word' id='word_1_55' title='bbox 415 1814 479 1875; x_wconf 89' lang='lat' dir='ltr'>ego</span> <span class='ocrx_word' id='word_1_56' title='bbox 494 1791 641 1874; x_wconf 90' lang='lat' dir='ltr'>quidem,</span> <span class='ocrx_word' id='word_1_57' title='bbox 656 1799 771 1860; x_wconf 85' lang='lat' dir='ltr'>tamen</span> <span class='ocrx_word' id='word_1_58' title='bbox 790 1799 959 1874; x_wconf 89' lang='lat' dir='ltr'>quantum</span> <span class='ocrx_word' id='word_1_59' title='bbox 973 1792 1008 1860; x_wconf 92' lang='lat' dir='ltr'>in</span> <span class='ocrx_word' id='word_1_60' title='bbox 1018 1813 1072 1861; x_wconf 91' lang='lat' dir='ltr'>me</span> <span class='ocrx_word' id='word_1_61' title='bbox 1083 1799 1145 1874; x_wconf 88' lang='lat' dir='ltr'>est,</span> <span class='ocrx_word' id='word_1_62' title='bbox 1157 1792 1247 1875; x_wconf 83' lang='lat' dir='ltr'>aequi</span> 
     </span>
     <span class='ocr_line' id='line_1_11' title="bbox 242 1891 1248 1974; baseline 0.003 -15"><span class='ocrx_word' id='word_1_63' title='bbox 242 1891 389 1973; x_wconf 91' lang='lat' dir='ltr'>bonique</span> <span class='ocrx_word' id='word_1_64' title='bbox 405 1892 502 1961; x_wconf 86' lang='lat' dir='ltr'>facio.</span> <span class='ocrx_word' id='word_1_65' title='bbox 526 1891 747 1961; x_wconf 89' lang='lat' dir='ltr'>Pulchritudo</span> <span class='ocrx_word' id='word_1_66' title='bbox 762 1892 827 1961; x_wconf 90' lang='lat' dir='ltr'>ista</span> <span class='ocrx_word' id='word_1_67' title='bbox 839 1891 978 1974; x_wconf 89' lang='lat' dir='ltr'>obryssa</span> <span class='ocrx_word' id='word_1_68' title='bbox 992 1899 1043 1961; x_wconf 90' lang='lat' dir='ltr'>est</span> <span class='ocrx_word' id='word_1_69' title='bbox 1055 1892 1166 1961; x_wconf 89' lang='lat' dir='ltr'>aetatis</span> <span class='ocrx_word' id='word_1_70' title='bbox 1180 1892 1248 1962; x_wconf 91' lang='lat' dir='ltr'>Lu·</span> 
     </span>
     <span class='ocr_line' id='line_1_12' title="bbox 242 1991 1247 2075; baseline 0.002 -15"><span class='ocrx_word' id='word_1_71' title='bbox 242 1991 350 2060; x_wconf 91' lang='lat' dir='ltr'>dovici</span> <span class='ocrx_word' id='word_1_72' title='bbox 366 1991 641 2069; x_wconf 78' lang='lat' dir='ltr'>tluatuordecimi</span> <span class='ocrx_word' id='word_1_73' title='bbox 659 2027 698 2036; x_wconf 92' lang='lat'><em>-</em></span> <span class='ocrx_word' id='word_1_74' title='bbox 712 1992 795 2061; x_wconf 88' lang='lat' dir='ltr'>artis</span> <span class='ocrx_word' id='word_1_75' title='bbox 809 1992 965 2075; x_wconf 85' lang='lat' dir='ltr'><strong>splendor</strong></span> <span class='ocrx_word' id='word_1_76' title='bbox 980 1991 1023 2061; x_wconf 91' lang='lat' dir='ltr'>ad</span> <span class='ocrx_word' id='word_1_77' title='bbox 1038 2028 1080 2036; x_wconf 93' lang='lat'>-</span> <span class='ocrx_word' id='word_1_78' title='bbox 1094 1992 1247 2062; x_wconf 87' lang='lat' dir='ltr'>issimum</span> 
     </span>
     <span class='ocr_line' id='line_1_13' title="bbox 240 2091 1249 2174; baseline 0.001 -14"><span class='ocrx_word' id='word_1_79' title='bbox 240 2091 386 2174; x_wconf 90' lang='lat' dir='ltr'>gradum</span> <span class='ocrx_word' id='word_1_80' title='bbox 403 2091 566 2160; x_wconf 90' lang='lat' dir='ltr'>sublatus.</span> <span class='ocrx_word' id='word_1_81' title='bbox 579 2091 687 2161; x_wconf 89' lang='lat' dir='ltr'>Cerne</span> <span class='ocrx_word' id='word_1_82' title='bbox 702 2091 802 2160; x_wconf 89' lang='lat' dir='ltr'>modo</span> <span class='ocrx_word' id='word_1_83' title='bbox 818 2113 903 2174; x_wconf 90' lang='lat' dir='ltr'>opus</span> <span class='ocrx_word' id='word_1_84' title='bbox 917 2092 1090 2160; x_wconf 85' lang='lat' dir='ltr'>musivum</span> <span class='ocrx_word' id='word_1_85' title='bbox 1105 2092 1140 2160; x_wconf 93' lang='lat' dir='ltr'>in</span> <span class='ocrx_word' id='word_1_86' title='bbox 1155 2093 1249 2161; x_wconf 83' lang='lat' dir='ltr'>fron·</span> 
     </span>
     <span class='ocr_line' id='line_1_14' title="bbox 242 2190 1248 2274; baseline 0.002 -14"><span class='ocrx_word' id='word_1_87' title='bbox 242 2199 331 2260; x_wconf 93' lang='lat' dir='ltr'>te-</span> <span class='ocrx_word' id='word_1_88' title='bbox 349 2192 579 2274; x_wconf 85' lang='lat' dir='ltr'>quidquamne</span> <span class='ocrx_word' id='word_1_89' title='bbox 595 2192 785 2274; x_wconf 89' lang='lat' dir='ltr'>elegantius</span> <span class='ocrx_word' id='word_1_90' title='bbox 810 2192 871 2261; x_wconf 92' lang='lat' dir='ltr'>tibi</span> <span class='ocrx_word' id='word_1_91' title='bbox 896 2192 1025 2274; x_wconf 86' lang='lat' dir='ltr'>fingere</span> <span class='ocrx_word' id='word_1_92' title='bbox 1051 2190 1171 2274; x_wconf 80' lang='lat' dir='ltr'>potes?</span> <span class='ocrx_word' id='word_1_93' title='bbox 1203 2192 1248 2262; x_wconf 85' lang='lat' dir='ltr'>Et</span> 
     </span>
     <span class='ocr_line' id='line_1_15' title="bbox 242 2291 1247 2374; baseline 0.002 -14"><span class='ocrx_word' id='word_1_94' title='bbox 242 2291 324 2373; x_wconf 94' lang='lat' dir='ltr'>quid</span> <span class='ocrx_word' id='word_1_95' title='bbox 346 2291 388 2360; x_wconf 93' lang='lat' dir='ltr'>de</span> <span class='ocrx_word' id='word_1_96' title='bbox 403 2291 572 2361; x_wconf 84' lang='lat' dir='ltr'>caelaturis</span> <span class='ocrx_word' id='word_1_97' title='bbox 591 2327 624 2336; x_wconf 94' lang='lat'>-</span> <span class='ocrx_word' id='word_1_98' title='bbox 643 2291 724 2359; x_wconf 92' lang='lat' dir='ltr'>nihil</span> <span class='ocrx_word' id='word_1_99' title='bbox 737 2291 772 2359; x_wconf 93' lang='lat' dir='ltr'>in</span> <span class='ocrx_word' id='word_1_100' title='bbox 788 2291 828 2360; x_wconf 89' lang='lat' dir='ltr'>iis</span> <span class='ocrx_word' id='word_1_101' title='bbox 842 2291 957 2374; x_wconf 78' lang='lat' dir='ltr'>frigidi</span> <span class='ocrx_word' id='word_1_102' title='bbox 972 2299 1006 2360; x_wconf 89' lang='lat' dir='ltr'>et</span> <span class='ocrx_word' id='word_1_103' title='bbox 1021 2291 1134 2360; x_wconf 92' lang='lat' dir='ltr'>ieiuni.</span> <span class='ocrx_word' id='word_1_104' title='bbox 1157 2291 1247 2362; x_wconf 86' lang='lat' dir='ltr'>Caelo</span> 
     </span>
     <span class='ocr_line' id='line_1_16' title="bbox 243 2390 1247 2474; baseline 0.003 -15"><span class='ocrx_word' id='word_1_105' title='bbox 243 2412 283 2459; x_wconf 89' lang='lat' dir='ltr'>ea</span> <span class='ocrx_word' id='word_1_106' title='bbox 298 2399 497 2460; x_wconf 91' lang='lat' dir='ltr'>ornamenta</span> <span class='ocrx_word' id='word_1_107' title='bbox 512 2399 610 2460; x_wconf 89' lang='lat' dir='ltr'>erant</span> <span class='ocrx_word' id='word_1_108' title='bbox 625 2391 809 2473; x_wconf 88' lang='lat' dir='ltr'>exsculpta,</span> <span class='ocrx_word' id='word_1_109' title='bbox 825 2391 884 2474; x_wconf 93' lang='lat' dir='ltr'>qui</span> <span class='ocrx_word' id='word_1_110' title='bbox 900 2390 1056 2460; x_wconf 90' lang='lat' dir='ltr'>manibus</span> <span class='ocrx_word' id='word_1_111' title='bbox 1069 2390 1247 2462; x_wconf 90' lang='lat' dir='ltr'>obediebat</span> 
     </span>
     <span class='ocr_line' id='line_1_17' title="bbox 243 2490 1248 2573; baseline 0.002 -14"><span class='ocrx_word' id='word_1_112' title='bbox 243 2490 401 2573; x_wconf 87' lang='lat' dir='ltr'>principis</span> <span class='ocrx_word' id='word_1_113' title='bbox 430 2490 606 2560; x_wconf 88' lang='lat' dir='ltr'>cuiusdam</span> <span class='ocrx_word' id='word_1_114' title='bbox 642 2490 780 2559; x_wconf 87' lang='lat' dir='ltr'>artificis</span> <span class='ocrx_word' id='word_1_115' title='bbox 801 2526 843 2534; x_wconf 94' lang='lat'>-</span> <span class='ocrx_word' id='word_1_116' title='bbox 866 2490 971 2573; x_wconf 89' lang='lat' dir='ltr'>ipsius</span> <span class='ocrx_word' id='word_1_117' title='bbox 999 2491 1144 2560; x_wconf 82' lang='lat' dir='ltr'>fortasse</span> <span class='ocrx_word' id='word_1_118' title='bbox 1174 2491 1248 2561; x_wconf 89' lang='lat' dir='ltr'>heri</span> 
     </span>
     <span class='ocr_line' id='line_1_18' title="bbox 243 2590 1246 2660; baseline 0.002 -2"><span class='ocrx_word' id='word_1_119' title='bbox 243 2590 358 2659; x_wconf 76' lang='lat' dir='ltr'>Boule.</span> <span class='ocrx_word' id='word_1_120' title='bbox 383 2591 455 2658; x_wconf 93' lang='lat' dir='ltr'>Nec</span> <span class='ocrx_word' id='word_1_121' title='bbox 479 2590 603 2658; x_wconf 93' lang='lat' dir='ltr'>mirum</span> <span class='ocrx_word' id='word_1_122' title='bbox 628 2591 656 2659; x_wconf 91' lang='lat' dir='ltr'>si</span> <span class='ocrx_word' id='word_1_123' title='bbox 679 2590 825 2659; x_wconf 91' lang='lat' dir='ltr'>Vantine</span> <span class='ocrx_word' id='word_1_124' title='bbox 850 2590 892 2658; x_wconf 91' lang='lat' dir='ltr'>ob</span> <span class='ocrx_word' id='word_1_125' title='bbox 919 2612 993 2658; x_wconf 90' lang='lat' dir='ltr'>earn</span> <span class='ocrx_word' id='word_1_126' title='bbox 1010 2612 1081 2658; x_wconf 94' lang='lat' dir='ltr'>rem</span> <span class='ocrx_word' id='word_1_127' title='bbox 1096 2591 1246 2660; x_wconf 83' lang='lat' dir='ltr'>furebat</span> 
     </span>
     <span class='ocr_line' id='line_1_19' title="bbox 244 2689 1248 2772; baseline 0 -12"><span class='ocrx_word' id='word_1_128' title='bbox 244 2690 437 2760; x_wconf 90' lang='lat' dir='ltr'>Foriculum</span> <span class='ocrx_word' id='word_1_129' title='bbox 453 2697 568 2759; x_wconf 93' lang='lat' dir='ltr'>tamen</span> <span class='ocrx_word' id='word_1_130' title='bbox 584 2712 663 2760; x_wconf 95' lang='lat' dir='ltr'>eum</span> <span class='ocrx_word' id='word_1_131' title='bbox 674 2689 820 2759; x_wconf 91' lang='lat' dir='ltr'>necdum</span> <span class='ocrx_word' id='word_1_132' title='bbox 832 2690 1048 2772; x_wconf 82' lang='lat' dir='ltr'>reperimus,”</span> <span class='ocrx_word' id='word_1_133' title='bbox 1064 2698 1099 2760; x_wconf 91' lang='lat' dir='ltr'>et</span> <span class='ocrx_word' id='word_1_134' title='bbox 1110 2690 1163 2760; x_wconf 91' lang='lat' dir='ltr'>his</span> <span class='ocrx_word' id='word_1_135' title='bbox 1173 2712 1248 2760; x_wconf 90' lang='lat' dir='ltr'>ver·</span> 
     </span>
     <span class='ocr_line' id='line_1_20' title="bbox 243 2789 967 2873; baseline -0.001 -14"><span class='ocrx_word' id='word_1_136' title='bbox 243 2790 294 2859; x_wconf 90' lang='lat' dir='ltr'>bis</span> <span class='ocrx_word' id='word_1_137' title='bbox 309 2790 423 2859; x_wconf 90' lang='lat' dir='ltr'>sellam</span> <span class='ocrx_word' id='word_1_138' title='bbox 439 2812 536 2859; x_wconf 91' lang='lat' dir='ltr'>suam</span> <span class='ocrx_word' id='word_1_139' title='bbox 553 2790 690 2873; x_wconf 90' lang='lat' dir='ltr'>propius</span> <span class='ocrx_word' id='word_1_140' title='bbox 704 2811 792 2858; x_wconf 89' lang='lat' dir='ltr'>arcae</span> <span class='ocrx_word' id='word_1_141' title='bbox 807 2789 967 2858; x_wconf 89' lang='lat' dir='ltr'>admovit.</span> 
     </span>
    </p>

    <p class='ocr_par' dir='ltr' id='par_1_6' title="bbox 243 2888 1250 3270">
     <span class='ocr_line' id='line_1_21' title="bbox 328 2888 1248 2972; baseline 0.002 -14"><span class='ocrx_word' id='word_1_142' title='bbox 328 2888 466 2959; x_wconf 88' lang='lat' dir='ltr'>“Unum</span> <span class='ocrx_word' id='word_1_143' title='bbox 481 2897 515 2958; x_wconf 97' lang='lat' dir='ltr'>te</span> <span class='ocrx_word' id='word_1_144' title='bbox 531 2890 699 2959; x_wconf 90' lang='lat' dir='ltr'>monitum</span> <span class='ocrx_word' id='word_1_145' title='bbox 714 2911 787 2958; x_wconf 86' lang='lat' dir='ltr'>esse</span> <span class='ocrx_word' id='word_1_146' title='bbox 802 2889 934 2969; x_wconf 90' lang='lat' dir='ltr'>vellem,</span> <span class='ocrx_word' id='word_1_147' title='bbox 961 2888 1142 2972; x_wconf 82' lang='lat' dir='ltr'>Godfrey,’&#39;</span> <span class='ocrx_word' id='word_1_148' title='bbox 1168 2889 1248 2960; x_wconf 91' lang='lat' dir='ltr'>allo·</span> 
     </span>
     <span class='ocr_line' id='line_1_22' title="bbox 243 2988 1250 3072; baseline 0.002 -15"><span class='ocrx_word' id='word_1_149' title='bbox 243 3011 330 3072; x_wconf 89' lang='lat' dir='ltr'>quor</span> <span class='ocrx_word' id='word_1_150' title='bbox 346 3011 443 3058; x_wconf 92' lang='lat' dir='ltr'>eum:</span> <span class='ocrx_word' id='word_1_151' title='bbox 466 2988 515 3058; x_wconf 88' lang='lat' dir='ltr'>“si</span> <span class='ocrx_word' id='word_1_152' title='bbox 530 2997 569 3058; x_wconf 95' lang='lat' dir='ltr'>tu</span> <span class='ocrx_word' id='word_1_153' title='bbox 586 2989 700 3072; x_wconf 87' lang='lat' dir='ltr'>digitis</span> <span class='ocrx_word' id='word_1_154' title='bbox 714 2988 891 3057; x_wconf 92' lang='lat' dir='ltr'>ambarum</span> <span class='ocrx_word' id='word_1_155' title='bbox 906 3010 1072 3057; x_wconf 92' lang='lat' dir='ltr'>manuum</span> <span class='ocrx_word' id='word_1_156' title='bbox 1098 2989 1250 3072; x_wconf 90' lang='lat' dir='ltr'>scalpita·</span> 
     </span>
     <span class='ocr_line' id='line_1_23' title="bbox 245 3088 1250 3172; baseline 0 -14"><span class='ocrx_word' id='word_1_157' title='bbox 245 3111 281 3158; x_wconf 88' lang='lat' dir='ltr'>re</span> <span class='ocrx_word' id='word_1_158' title='bbox 296 3089 491 3172; x_wconf 87' lang='lat' dir='ltr'>perrexeris,</span> <span class='ocrx_word' id='word_1_159' title='bbox 507 3098 547 3158; x_wconf 92' lang='lat' dir='ltr'>ut</span> <span class='ocrx_word' id='word_1_160' title='bbox 562 3089 673 3158; x_wconf 91' lang='lat' dir='ltr'>adhuc</span> <span class='ocrx_word' id='word_1_161' title='bbox 688 3088 809 3170; x_wconf 87' lang='lat' dir='ltr'>fecisti,</span> <span class='ocrx_word' id='word_1_162' title='bbox 830 3088 902 3157; x_wconf 83' lang='lat' dir='ltr'>fien&#39;</span> <span class='ocrx_word' id='word_1_163' title='bbox 918 3096 988 3157; x_wconf 90' lang='lat' dir='ltr'>tam</span> <span class='ocrx_word' id='word_1_164' title='bbox 1003 3089 1101 3158; x_wconf 77' lang='lat' dir='ltr'>facile</span> <span class='ocrx_word' id='word_1_165' title='bbox 1125 3089 1250 3172; x_wconf 91' lang='lat' dir='ltr'>poterit</span> 
     </span>
     <span class='ocr_line' id='line_1_24' title="bbox 244 3188 977 3270; baseline 0 -12"><span class='ocrx_word' id='word_1_166' title='bbox 244 3196 285 3258; x_wconf 92' lang='lat' dir='ltr'>ut</span> <span class='ocrx_word' id='word_1_167' title='bbox 300 3189 396 3270; x_wconf 88' lang='lat' dir='ltr'>laeva,</span> <span class='ocrx_word' id='word_1_168' title='bbox 412 3211 515 3270; x_wconf 93' lang='lat' dir='ltr'>quam</span> <span class='ocrx_word' id='word_1_169' title='bbox 530 3196 571 3257; x_wconf 89' lang='lat' dir='ltr'>ut</span> <span class='ocrx_word' id='word_1_170' title='bbox 586 3196 678 3257; x_wconf 91' lang='lat' dir='ltr'>recta</span> <span class='ocrx_word' id='word_1_171' title='bbox 693 3211 797 3257; x_wconf 93' lang='lat' dir='ltr'>manu</span> <span class='ocrx_word' id='word_1_172' title='bbox 813 3188 977 3258; x_wconf 86' lang='lat' dir='ltr'>feriaris.&#39;’</span> 
     </span>
    </p>

    <p class='ocr_par' dir='ltr' id='par_1_7' title="bbox 244 3287 1237 3457">
     <span class='ocr_line' id='line_1_25' title="bbox 328 3287 1237 3371; baseline 0.001 -14"><span class='ocrx_word' id='word_1_173' title='bbox 328 3288 438 3357; x_wconf 90' lang='lat' dir='ltr'>“Vera</span> <span class='ocrx_word' id='word_1_174' title='bbox 452 3288 650 3369; x_wconf 90' lang='lat' dir='ltr'>memoras,”</span> <span class='ocrx_word' id='word_1_175' title='bbox 664 3287 784 3371; x_wconf 91' lang='lat' dir='ltr'>probat</span> <span class='ocrx_word' id='word_1_176' title='bbox 800 3288 863 3357; x_wconf 94' lang='lat' dir='ltr'>ille.</span> <span class='ocrx_word' id='word_1_177' title='bbox 876 3287 930 3359; x_wconf 84' lang='lat' dir='ltr'>“si</span> <span class='ocrx_word' id='word_1_178' title='bbox 945 3311 999 3358; x_wconf 93' lang='lat' dir='ltr'>me</span> <span class='ocrx_word' id='word_1_179' title='bbox 1014 3288 1049 3358; x_wconf 95' lang='lat' dir='ltr'>id</span> <span class='ocrx_word' id='word_1_180' title='bbox 1063 3289 1188 3358; x_wconf 91' lang='lat' dir='ltr'>iterum</span> <span class='ocrx_word' id='word_1_181' title='bbox 1199 3290 1237 3358; x_wconf 86' lang='lat' dir='ltr'>fa</span> 
     </span>
     <span class='ocr_line' id='line_1_26' title="bbox 244 3387 853 3457; baseline 0 -1"><span class='ocrx_word' id='word_1_182' title='bbox 244 3389 389 3457; x_wconf 86' lang='lat' dir='ltr'>cientem</span> <span class='ocrx_word' id='word_1_183' title='bbox 405 3387 530 3456; x_wconf 85' lang='lat' dir='ltr'>videris</span> <span class='ocrx_word' id='word_1_184' title='bbox 544 3388 688 3457; x_wconf 90' lang='lat' dir='ltr'>admone</span> <span class='ocrx_word' id='word_1_185' title='bbox 702 3410 758 3456; x_wconf 91' lang='lat' dir='ltr'>me</span> <span class='ocrx_word' id='word_1_186' title='bbox 769 3389 814 3457; x_wconf 91' lang='lat' dir='ltr'>sis</span> <span class='ocrx_word' id='word_1_187' title='bbox 824 3388 853 3456; x_wconf 84' lang='lat'>!&#39;&#39;</span> 
     </span>
    </p>

    <p class='ocr_par' dir='ltr' id='par_1_8' title="bbox 246 3488 1251 3773">
     <span class='ocr_line' id='line_1_27' title="bbox 337 3488 1249 3572; baseline 0.004 -17"><span class='ocrx_word' id='word_1_188' title='bbox 337 3488 376 3556; x_wconf 94' lang='lat' dir='ltr'>ln</span> <span class='ocrx_word' id='word_1_189' title='bbox 400 3489 515 3556; x_wconf 87' lang='lat' dir='ltr'>fronte</span> <span class='ocrx_word' id='word_1_190' title='bbox 540 3510 627 3556; x_wconf 88' lang='lat' dir='ltr'>arcae</span> <span class='ocrx_word' id='word_1_191' title='bbox 651 3495 722 3557; x_wconf 88' lang='lat' dir='ltr'>tres</span> <span class='ocrx_word' id='word_1_192' title='bbox 744 3496 841 3557; x_wconf 89' lang='lat' dir='ltr'>erant</span> <span class='ocrx_word' id='word_1_193' title='bbox 864 3488 985 3569; x_wconf 84' lang='lat' dir='ltr'>foruli;</span> <span class='ocrx_word' id='word_1_194' title='bbox 1015 3490 1076 3558; x_wconf 88' lang='lat' dir='ltr'>hos</span> <span class='ocrx_word' id='word_1_195' title='bbox 1097 3488 1249 3572; x_wconf 81' lang='lat' dir='ltr'>Godfrey</span> 
     </span>
     <span class='ocr_line' id='line_1_28' title="bbox 246 3586 1249 3670; baseline 0.001 -13"><span class='ocrx_word' id='word_1_196' title='bbox 246 3586 379 3657; x_wconf 88' lang='lat' dir='ltr'>evulsit.</span> <span class='ocrx_word' id='word_1_197' title='bbox 402 3588 441 3656; x_wconf 93' lang='lat' dir='ltr'>In</span> <span class='ocrx_word' id='word_1_198' title='bbox 457 3587 568 3656; x_wconf 89' lang='lat' dir='ltr'>locum</span> <span class='ocrx_word' id='word_1_199' title='bbox 584 3587 676 3657; x_wconf 92' lang='lat' dir='ltr'>unde</span> <span class='ocrx_word' id='word_1_200' title='bbox 690 3589 752 3657; x_wconf 90' lang='lat' dir='ltr'>hos</span> <span class='ocrx_word' id='word_1_201' title='bbox 767 3595 949 3670; x_wconf 86' lang='lat' dir='ltr'>exemerat,</span> <span class='ocrx_word' id='word_1_202' title='bbox 965 3611 1105 3658; x_wconf 92' lang='lat' dir='ltr'>manum</span> <span class='ocrx_word' id='word_1_203' title='bbox 1121 3595 1249 3658; x_wconf 89' lang='lat' dir='ltr'>rectam</span> 
     </span>
     <span class='ocr_line' id='line_1_29' title="bbox 246 3687 1251 3773; baseline 0.003 -18"><span class='ocrx_word' id='word_1_204' title='bbox 246 3687 394 3771; x_wconf 82' lang='lat' dir='ltr'>ingessit,</span> <span class='ocrx_word' id='word_1_205' title='bbox 417 3708 565 3770; x_wconf 89' lang='lat' dir='ltr'>eumque</span> <span class='ocrx_word' id='word_1_206' title='bbox 589 3695 688 3757; x_wconf 91' lang='lat' dir='ltr'>caute</span> <span class='ocrx_word' id='word_1_207' title='bbox 711 3688 908 3771; x_wconf 87' lang='lat' dir='ltr'>exploravit.</span> <span class='ocrx_word' id='word_1_208' title='bbox 946 3688 1110 3771; x_wconf 91' lang='lat' dir='ltr'>Deinceps</span> <span class='ocrx_word' id='word_1_209' title='bbox 1136 3688 1251 3773; x_wconf 87' lang='lat' dir='ltr'>digitis</span> 
     </span>
    </p>
   </div>
   <div class='ocr_carea' id='block_1_3' title="bbox 246 3786 1253 4171">
    <p class='ocr_par' dir='ltr' id='par_1_9' title="bbox 246 3786 1253 4171">
     <span class='ocr_line' id='line_1_30' title="bbox 246 3786 1251 3872; baseline 0.004 -17"><span class='ocrx_word' id='word_1_210' title='bbox 246 3787 412 3870; x_wconf 87' lang='lat' dir='ltr'>percurrit</span> <span class='ocrx_word' id='word_1_211' title='bbox 426 3786 592 3856; x_wconf 89' lang='lat' dir='ltr'>umbones</span> <span class='ocrx_word' id='word_1_212' title='bbox 607 3809 779 3871; x_wconf 87' lang='lat' dir='ltr'>rugasque</span> <span class='ocrx_word' id='word_1_213' title='bbox 795 3788 919 3857; x_wconf 92' lang='lat' dir='ltr'>musivi</span> <span class='ocrx_word' id='word_1_214' title='bbox 935 3789 1052 3871; x_wconf 88' lang='lat' dir='ltr'>operis,</span> <span class='ocrx_word' id='word_1_215' title='bbox 1077 3811 1145 3872; x_wconf 92' lang='lat' dir='ltr'>quo</span> <span class='ocrx_word' id='word_1_216' title='bbox 1168 3789 1251 3859; x_wconf 89' lang='lat' dir='ltr'>late-</span> 
     </span>
     <span class='ocr_line' id='line_1_31' title="bbox 246 3887 1250 3972; baseline 0.004 -17"><span class='ocrx_word' id='word_1_217' title='bbox 246 3909 285 3956; x_wconf 94' lang='lat' dir='ltr'>ra</span> <span class='ocrx_word' id='word_1_218' title='bbox 299 3887 506 3970; x_wconf 91' lang='lat' dir='ltr'>planumque</span> <span class='ocrx_word' id='word_1_219' title='bbox 522 3909 610 3956; x_wconf 87' lang='lat' dir='ltr'>arcae</span> <span class='ocrx_word' id='word_1_220' title='bbox 625 3888 811 3957; x_wconf 87' lang='lat' dir='ltr'>incrustata</span> <span class='ocrx_word' id='word_1_221' title='bbox 825 3895 932 3969; x_wconf 92' lang='lat' dir='ltr'>erant,</span> <span class='ocrx_word' id='word_1_222' title='bbox 948 3895 983 3957; x_wconf 91' lang='lat' dir='ltr'>et</span> <span class='ocrx_word' id='word_1_223' title='bbox 997 3888 1070 3957; x_wconf 87' lang='lat' dir='ltr'>haec</span> <span class='ocrx_word' id='word_1_224' title='bbox 1081 3888 1250 3972; x_wconf 85' lang='lat' dir='ltr'>digitatim</span> 
     </span>
     <span class='ocr_line' id='line_1_32' title="bbox 247 3986 1253 4071; baseline 0.004 -16"><span class='ocrx_word' id='word_1_225' title='bbox 247 3995 281 4055; x_wconf 90' lang='lat' dir='ltr'>et</span> <span class='ocrx_word' id='word_1_226' title='bbox 305 3986 478 4055; x_wconf 90' lang='lat' dir='ltr'>unciatim.</span> <span class='ocrx_word' id='word_1_227' title='bbox 508 3987 538 4056; x_wconf 86' lang='lat' dir='ltr'><strong>E</strong></span> <span class='ocrx_word' id='word_1_228' title='bbox 560 3988 728 4057; x_wconf 86' lang='lat' dir='ltr'>sententia</span> <span class='ocrx_word' id='word_1_229' title='bbox 750 3987 869 4057; x_wconf 92' lang='lat' dir='ltr'>saltem</span> <span class='ocrx_word' id='word_1_230' title='bbox 895 4009 980 4069; x_wconf 92' lang='lat' dir='ltr'>mea,</span> <span class='ocrx_word' id='word_1_231' title='bbox 995 3987 1022 4057; x_wconf 88' lang='lat' dir='ltr'>si</span> <span class='ocrx_word' id='word_1_232' title='bbox 1038 4009 1184 4071; x_wconf 90' lang='lat' dir='ltr'>usquam</span> <span class='ocrx_word' id='word_1_233' title='bbox 1199 4009 1253 4059; x_wconf 93' lang='lat' dir='ltr'>oc·</span> 
     </span>
     <span class='ocr_line' id='line_1_33' title="bbox 246 4086 1253 4171; baseline 0.003 -13"><span class='ocrx_word' id='word_1_234' title='bbox 246 4086 329 4158; x_wconf 88' lang='lat' dir='ltr'>culti</span> <span class='ocrx_word' id='word_1_235' title='bbox 344 4086 447 4156; x_wconf 81' lang='lat' dir='ltr'>foruli</span> <span class='ocrx_word' id='word_1_236' title='bbox 464 4087 636 4171; x_wconf 88' lang='lat' dir='ltr'>latuerint,</span> <span class='ocrx_word' id='word_1_237' title='bbox 651 4087 714 4158; x_wconf 94' lang='lat' dir='ltr'>hac</span> <span class='ocrx_word' id='word_1_238' title='bbox 736 4087 868 4158; x_wconf 88' lang='lat' dir='ltr'>circiter</span> <span class='ocrx_word' id='word_1_239' title='bbox 891 4087 926 4156; x_wconf 93' lang='lat' dir='ltr'>in</span> <span class='ocrx_word' id='word_1_240' title='bbox 948 4095 1045 4171; x_wconf 86' lang='lat' dir='ltr'>parte</span> <span class='ocrx_word' id='word_1_241' title='bbox 1066 4087 1172 4160; x_wconf 89' lang='lat' dir='ltr'>latere</span> <span class='ocrx_word' id='word_1_242' title='bbox 1194 4109 1253 4160; x_wconf 78' lang='lat' dir='ltr'>eos</span> 
     </span>
    </p>
   </div>
   <div class='ocr_carea' id='block_1_4' title="bbox 0 0 1575 5016">
    <p class='ocr_par' dir='ltr' id='par_1_10' title="bbox 0 0 1575 5016">
     <span class='ocr_line' id='line_1_34' title="bbox 0 0 1575 5016; baseline 0 0"><span class='ocrx_word' id='word_1_243' title='bbox 0 0 1575 5016; x_wconf 95' lang='lat' dir='ltr'> </span> 
     </span>
    </p>
   </div>
  </div>
 </body>
</html>
