3150 5468
501 1309 980 1365 noomaucasnmnauun
1177 1293 1238 1365 195

323 1481 437 1549 “Num
453 1480 622 1548 hominem
639 1501 839 1561 agnosceres
855 1479 881 1548 si
897 1500 976 1548 eum
1000 1477 1126 1547 iterum
1147 1478 1240 1547 vide·

240 1603 293 1649 res
303 1582 340 1648 ?”

322 1698 445 1766 “Nullo
462 1706 580 1779 oact03
603 1705 643 1765 ut
669 1697 764 1766 vides
787 1698 941 1765 foramen
957 1703 1009 1765 est
1026 1705 1096 1764 tam
1122 1695 1240 1778 exigu-

240 1821 307 1866 um.
332 1798 422 1866 Nihil
440 1799 591 1879 profecto
607 1797 866 1866 videbaturnisi
891 1819 953 1878 oar
978 1797 1162 1865 oculorum.
1195 1796 1239 1864 Et

240 1909 352 1966 tamen
370 1920 500 1979 possem
517 1919 698 1977 agnoscere
714 1898 740 1966 si
757 1920 814 1966 eos
829 1898 953 1966 iterum
969 1896 1137 1976 viderem;
1160 1917 1239 1964 nam

239 1998 323 2065 tales
347 1999 462 2065 oculos
488 2019 663 2079 nunquam
689 2005 790 2066 antea
818 1997 969 2065 videram
984 2031 1025 2041 -
1040 2004 1111 2065 tam
1139 1995 1239 2065 lucidi

240 2109 378 2178 tamque
397 2097 580 2177 domantes
595 2106 701 2165 erant.
733 2098 781 2166 Ea
808 2119 950 2179 vespera
976 2096 1009 2165 id
1034 2096 1149 2165 evenit
1172 2117 1240 2177 qua

239 2221 303 2275 eqo
318 2208 351 2264 el
369 2198 518 2278 Godfrey
536 2197 753 2265 tentabamus
768 2199 919 2266 torulum
935 2198 1105 2266 occultum
1119 2196 1242 2279 reperi·

240 2319 284 2376 re,
301 2298 345 2364 illi
361 2307 476 2364 aedem
492 2298 577 2365 oculi
595 2298 764 2366 micabant
782 2306 955 2380 tamquam
972 2297 1069 2379 ignis,
1085 2296 1242 2366 damno

240 2397 291 2464 bis
305 2397 557 2465 elaborantibus
573 2407 670 2465 erant
688 2398 811 2465 infixi.”

323 2531 435 2599 Herus
460 2531 620 2611 Armamd,
648 2540 686 2600 ut
713 2532 863 2614 parebat,
890 2531 1002 2599 verbis
1017 2531 1101 2599 meis
1116 2551 1237 2613 parum

238 2640 403 2710 attentus,
419 2654 531 2699 arcam
549 2632 796 2713 speculabatur.

324 2750 389 2815 “rlt
404 2771 493 2815 nunc
510 2749 660 2816 forulum
686 2749 886 2827 occultum‚’'
907 2748 955 2816 ait
978 2746 1126 2816 tandem.
1154 2746 1241 2815 “Vo-

240 2849 340 2927 lesne,
369 2849 457 2916 llere
485 2849 613 2932 Lester,
631 2850 688 2929 qui
716 2849 743 2915 is
770 2847 968 2917 tractandus
984 2848 1027 2916 sit
1040 2847 1241 2916 ostendere?

239 2948 430 3015 Admodum
448 2970 533 3015 aveo
550 2948 694 3015 videre.'’

324 3081 461 3148 Manum
479 3081 578 3161 plano
594 3103 681 3148 arcae
696 3081 849 3162 imposui,
866 3082 930 3149 tria
945 3082 1000 3149 illa
1015 3081 1096 3160 loca,
1112 3087 1151 3149 ut
1172 3102 1241 3148 ma·

243 3190 341 3247 trouu
365 3182 476 3248 velata
501 3182 705 3260 ostenderat,
733 3182 846 3262 pressi.
881 3181 1033 3249 Primum
1057 3181 1099 3248 ab
1125 3179 1242 3248 ordine

239 3282 359 3359 erravi,
376 3282 482 3347 altero
500 3290 612 3348 tauron
630 3282 815 3348 tentamine
831 3282 949 3349 ansula
974 3302 1130 3363 prorsum
1153 3279 1244 3348 deci-

241 3381 290 3447 dit
307 3381 476 3460 clangens,
493 3404 561 3461 quo
578 3382 670 3448 laeto
686 3381 836 3449 forulum
852 3381 969 3449 evulsi.

324 3514 430 3581 “lkce
447 3515 629 3592 forulum,”
646 3515 806 3582 exclamo.
824 3515 989 3583 “Videsne
1005 3535 1108 3595 quam
1125 3513 1240 3581 dexte·

241 3634 274 3680 re
300 3615 432 3681 ellictus
458 3624 519 3681 est.
548 3615 588 3681 Et
616 3636 718 3695 quam
746 3623 903 3683 accurate
930 3636 1015 3695 opus
1040 3613 1239 3682 occultatur.

240 3714 401 3794 Quisnam
418 3714 469 3780 bie
487 3714 528 3781 de
544 3715 656 3781 forulo
672 3714 890 3783 somniaverit
898 3715 933 3782 ‘l'’

327 3847 400 3928 lpse
417 3869 542 3926 magno
559 3847 670 3915 studio
699 3869 784 3929 opus
806 3846 1125 3930 circumspectabat;
1148 3847 1241 3915 foru-

243 3947 312 4014 lum
331 3948 362 4015 in
382 3949 490 4015 locum
509 3949 641 4028 repulit,
658 3957 731 4016 tum
749 3949 818 4029 lpse
833 3949 976 4029 aperuit.

324 4081 435 4147 “Nihil
464 4102 603 4161 prorsus
629 4089 679 4148 est
710 4080 916 4160 dexterius'’
943 4081 999 4148 ait.
1033 4080 1242 4162 “Nunquam

238 4180 381 4247 antehae
399 4179 466 4246 virli
484 4180 633 4246 torulum
652 4189 719 4247 tam
738 4181 820 4248 scite
838 4182 995 4248 celatum.
1034 4180 1108 4261 Ipse
1123 4188 1240 4247 autern

238 4290 422 4360 conceptus
439 4302 497 4360 uer
513 4291 644 4347 certum
672 4281 906 4348 molimentum
933 4279 1105 4362 aperiendi
1131 4300 1243 4347 novus

240 4402 276 4446 ac
305 4380 517 4446 felicissimus
544 4388 605 4446 est.
640 4379 794 4461 Plerique
822 4380 923 4447 foruli
953 4378 1074 4447 occulti
1105 4378 1240 4446 nomine

240 4489 372 4545 tantum
390 4490 469 4545 sunt
497 4479 636 4556 occulti;
659 4479 783 4561 exigua
810 4480 968 4562 indagine
995 4478 1159 4561 reperiam
1183 4499 1241 4546 ve·

240 4579 491 4646 rumiste...”
