3128 5016
521 776 716 830 caocunnu
737 777 816 830 nun
835 777 1061 832 rnvmcrarus
1226 761 1290 832 239

374 943 561 1026 “Equidem
577 966 710 1014 merum
726 943 895 1014 novitium
911 944 1004 1015 haud
1020 951 1054 1016 te
1070 944 1291 1026 censuerim,”

291 1044 403 1112 refero
418 1043 559 1114 aridule.

374 1142 511 1225 “Longe
527 1145 625 1213 aliter
640 1144 785 1214 Grandis
800 1145 974 1227 Ignotus?
990 1144 1115 1227 regerit
1131 1143 1291 1226 Godfrey,

289 1243 439 1324 mihique
456 1244 622 1313 valedicit.
646 1245 880 1326 Praeterquam
896 1244 987 1327 quod
1009 1266 1088 1314 eum
1103 1265 1195 1313 nunc
1210 1265 1290 1313 casu

249 1339 250 1343 ’
289 1364 525 1423 conveneram,
540 1344 623 1413 alias
638 1366 816 1426 nunquam
831 1343 877 1413 illi
892 1344 1032 1426 occurri,
1058 1351 1094 1413 et
1114 1343 1178 1413 hoc
1199 1343 1291 1413 haud

289 1443 429 1524 profuit,
447 1444 607 1525 quoniam
623 1445 797 1526 complura
811 1444 899 1513 circa
925 1443 989 1513 hoc
1013 1443 1191 1527 negotium
1215 1465 1292 1513 nec·

289 1542 371 1610 dum
388 1542 545 1611 intellexi.
564 1543 719 1623 Quadam
735 1544 888 1627 profecto
903 1565 1055 1626 vespera,
1071 1565 1178 1626 quum
1193 1544 1292 1612 tuma

288 1645 364 1710 mea
379 1646 520 1712 accensa
534 1643 608 1712 haec
623 1643 737 1712 omnia
751 1665 885 1712 mecum
909 1643 944 1712 in
970 1643 1082 1712 animo
1108 1650 1292 1726 pertracta·

288 1749 389 1810 turus
403 1743 630 1824 consederam,
657 1742 739 1811 nihil
766 1742 903 1813 omnino
929 1765 947 1813 e
974 1742 1106 1812 cunctis
1121 1742 1174 1811 his
1189 1742 1292 1812 rebus

288 1863 341 1910 me
358 1841 545 1923 intelligere
562 1843 680 1924 reperi.
708 1841 884 1912 Sententia
910 1842 1048 1925 quidem
1075 1841 1225 1924 Godfrey
1247 1841 1290 1911 ad

287 1941 448 2010 amussim
464 1941 526 2009 sibi
542 1941 756 2022 consistebat,
782 1941 840 2010 sed
866 1942 909 2011 ad
935 1942 1068 2011 nullum
1083 1941 1214 2011 exitum
1229 1941 1291 2011 du·

286 2041 393 2109 cebat.
416 2041 532 2123 Ecquo
548 2041 686 2110 demum
701 2041 801 2110 modo
816 2048 898 2110 sunt
914 2041 1044 2111 Drouet
1069 2048 1174 2124 atque
1200 2041 1290 2110 Van-

287 2142 359 2209 tine
376 2140 473 2209 occisi
484 2141 500 2209 l
511 2141 582 2210 Cur
596 2142 741 2210 fuerunt
756 2141 879 2210 occisi?
891 2141 990 2221 Quod
1005 2141 1073 2210 fuit
1089 2141 1289 2221 mysterium

286 2240 399 2308 arcae?
422 2241 498 2309 Uno
514 2240 629 2322 verbo,
645 2240 727 2323 quid
742 2248 855 2310 toturn
881 2240 973 2310 istud
999 2240 1200 2322 mysterium
1226 2240 1289 2310 sibi

286 2338 446 2409 volebat?
458 2340 569 2409 Nullis
585 2340 637 2409 his
652 2340 899 2422 quaestionibus
914 2339 1116 2423 respondere
1132 2340 1289 2422 quibam:

286 2462 446 2522 responsa
461 2462 544 2510 vero
560 2463 638 2523 quae
653 2441 852 2522 effingeram
874 2440 945 2523 ipsa
961 2440 1045 2509 adeo
1060 2448 1158 2510 erant
1173 2440 1290 2510 absur-

285 2541 328 2609 da
344 2548 379 2609 et
395 2541 498 2622 nulla,
514 2549 555 2610 ut
585 2563 663 2610 curn
690 2541 791 2609 taedio
817 2561 858 2609 ea
883 2562 1087 2623 respuerem.
1114 2541 1289 2610 Postremo

284 2641 386 2709 etiam
403 2641 512 2723 reperi
529 2641 628 2709 istam
645 2663 716 2709 rem
732 2640 812 2724 ipsis
838 2640 922 2710 meis
947 2640 1119 2710 laboribus
1144 2640 1288 2723 officere,

285 2741 380 2822 proin
397 2764 439 2809 ex
454 2741 567 2809 animo
583 2762 658 2810 meo
674 2762 748 2809 eam
776 2740 857 2822 elisi,
873 2748 908 2809 et
924 2740 1057 2823 quoties
1072 2740 1153 2808 mihi
1169 2740 1202 2808 in
1219 2740 1289 2810 ani·

284 2863 378 2908 mum
395 2841 541 2923 irrepere
558 2840 723 2921 tentabat,
749 2839 848 2909 firma
873 2841 1050 2910 voluntate
1066 2861 1141 2910 eam
1156 2841 1287 2910 excussi

286 2949 321 3008 et
339 2941 456 3022 repuli.

367 3040 496 3109 Verum
512 3039 602 3109 enim
618 3062 709 3122 vero,
725 3061 935 3122 quamquam
961 3040 1043 3123 vigil
1069 3062 1144 3110 eam
1170 3061 1284 3110 arcere

282 3140 364 3208 satis
385 3140 558 3209 commode
588 3148 751 3223 poteram,
782 3140 872 3209 idem
902 3160 963 3222 per
992 3139 1143 3223 quietem
1172 3141 1286 3210 facere

282 3239 432 3321 nequivi,
449 3240 540 3309 unde
556 3240 685 3309 somnia
700 3240 824 3309 sensim
839 3240 1007 3309 deteriora
1022 3239 1159 3309 fiebant.
1179 3241 1284 3310 Nam·

281 3362 347 3421 que
364 3361 431 3407 non
447 3339 564 3409 deerat
579 3340 716 3410 coluber
732 3340 814 3409 mihi
830 3340 1022 3423 somnianti,
1046 3340 1106 3423 qui
1122 3340 1283 3410 dentibus

280 3575 372 3627 tabula
387 3575 487 3640 lignea,
500 3575 604 3627 duobus
617 3575 753 3627 coloribus
766 3574 796 3627 in
811 3589 895 3639 parva
906 3574 1040 3642 quadrata
1064 3573 1204 3634 distincta,
1231 3573 1285 3626 duo

280 3658 383 3710 lusores
397 3659 498 3723 figuras
512 3659 622 3723 reginae,
636 3657 726 3716 turris,
740 3657 955 3709 latrunculorum
968 3673 1067 3717 osseas,
1081 3655 1214 3709 eburneas
1235 3662 1284 3709 aut

280 3741 387 3805 ligneas
401 3742 428 3792 in
442 3759 490 3793 suo
503 3742 617 3808 quisque
644 3740 780 3792 scutulato
804 3741 952 3792 secundum
979 3740 1088 3806 regulas
1111 3755 1284 3805 prorsum-re-

279 3831 449 3890 trorsumque
462 3832 558 3884 motat,
573 3826 657 3876 donec
670 3824 739 3876 alter
749 3824 777 3874 in
786 3823 926 3889 angulum,
939 3824 997 3876 sive
1007 3823 1035 3875 in
1045 3821 1155 3875 incitas
1167 3829 1280 3888 agnon

279 3908 302 3959 is
315 3908 415 3959 dlcitur
426 3907 460 3959 in
472 3907 583 3959 incitus
597 3905 745 3959 redactus.
767 3907 838 3959 Hinc
853 3907 948 3972 lingua
962 3906 1095 3972 negotiali
1108 3906 1155 3971 qui
1169 3903 1280 3957 solven-

278 3989 314 4041 do
326 4007 385 4042 non
398 3995 450 4052 eat,
467 3992 484 4044 i.
498 4009 521 4044 e.
551 3992 598 4058 qui
611 4008 659 4043 sua
672 3990 764 4042 debita
786 3990 873 4057 impar
894 3996 938 4044 est
962 3989 1100 4050 solvendo,
1125 3989 1236 4056 perinde
1248 3987 1284 4043 in

277 4073 387 4129 incitas
401 4075 501 4129 dicitur
514 4075 641 4130 reductus
652 4090 720 4128 esse.
