3150 5468
302 1228 364 1302 166
568 1246 776 1301 ursrmruu
799 1247 906 1300 anca
927 1240 1046 1300 noum

294 1422 329 1484 et
360 1421 400 1484 ut
415 1437 469 1483 me
485 1414 661 1483 exaudiret
676 1413 719 1483 ab
730 1436 770 1483 eo
784 1413 946 1497 flagitavi.
957 1415 1047 1484 Tum
1058 1414 1197 1483 demum
1207 1414 1235 1482 is
1244 1435 1298 1482 me

298 1516 340 1584 ad
355 1515 422 1584 huc
438 1515 635 1583 intrandum
650 1514 840 1583 invitavit.”

381 1615 444 1683 Hic
460 1614 532 1697 ipsa
546 1615 671 1683 iterum
686 1614 848 1683 conticuit
864 1614 946 1683 dum
957 1636 1012 1683 me
1027 1621 1154 1683 tremor
1169 1636 1211 1682 ex
1226 1614 1299 1696 ipsa

301 1715 550 1797 exspectatione
565 1714 717 1796 perculit.
735 1714 889 1796 Denique
904 1737 983 1782 mox
998 1736 1135 1783 eramus
1149 1713 1299 1784 audituri

299 1814 585 1897 quemadmodum
602 1813 776 1896 Philippus
790 1814 937 1883 Vantine
952 1821 1061 1882 morte
1088 1814 1233 1882 affectus
1248 1813 1300 1882 sit.

383 1913 514 1995 “Igitur
530 1936 594 1995 ego
609 1913 773 1994 consedi‚”
789 1914 901 1995 pergit
917 1913 1011 1983 Iulia.
1035 1913 1178 1983 “Totam
1200 1913 1299 1983 istam

302 2036 374 2083 rem
390 2014 436 2082 illi
451 2013 597 2096 patefeci
614 2013 691 2081 inde
713 2013 756 2081 ab
780 2013 926 2081 exordio.
957 2014 1031 2095 lpse
1047 2035 1102 2082 me
1126 2013 1305 2082 intentissi-

301 2136 379 2184 mus
390 2113 615 2192 auscultavit;
631 2113 689 2181 sed
713 2135 819 2195 quum
835 2112 879 2181 ab
904 2135 944 2181 eo
968 2113 1161 2195 petivissem
1187 2120 1226 2182 ut
1252 2113 1302 2181 fa·

302 2215 465 2284 cultatem
480 2214 670 2282 litterarum
687 2213 913 2281 tollendarum
937 2212 1019 2281 mihi
1045 2214 1184 2294 faceret,
1209 2212 1303 2282 dubi-

300 2323 373 2384 tare
390 2314 501 2397 coepit.
519 2314 601 2382 Inde
617 2334 751 2382 sursum
768 2314 995 2395 deorsumque
1009 2313 1044 2381 in
1060 2313 1212 2382 conclavi
1233 2334 1303 2382 am·

301 2415 422 2484 bulans
435 2436 507 2483 rem
522 2414 767 2494 meditabatur;
794 2413 915 2482 deinde
939 2436 994 2482 me
1020 2435 1081 2496 per
1105 2414 1242 2482 ianuam
1268 2413 1302 2482 in

299 2515 380 2584 illud
395 2515 589 2583 cubiculum
605 2513 755 2583 deduxit.
778 2514 866 2581 Arca
887 2513 921 2581 in
944 2514 1054 2582 medio
1079 2513 1191 2583 stabat
1207 2513 1303 2582 tabu·

299 2616 378 2696 lato,
394 2614 575 2696 omniaque
591 2614 720 2682 lumina
735 2613 910 2682 ardebant.

384 2713 518 2783 “lstane
548 2714 604 2782 illa
629 2735 707 2782 arca
733 2713 829 2782 est?’'
856 2713 927 2796 ipse
950 2715 1110 2796 quaesivit
1133 2736 1154 2783 a
1179 2735 1244 2794 me,
1267 2720 1302 2781 et

297 2836 405 2897 quum
422 2814 536 2882 verbis
552 2813 813 2894 confirmassem,
828 2813 943 2882 mirari
965 2813 1157 2884 videbatur.

381 2913 399 2941 ‘⁸
416 2914 494 2983 ‘Res
509 2913 653 2996 probatu
670 2914 777 2982 facilis
792 2914 864 2995 est,’
880 2913 948 2982 dixi
960 2935 1034 2996 ego,
1046 2922 1122 2984 tum
1133 2915 1176 2984 ad
1188 2936 1302 2983 arcam

299 3036 478 3098 progressa
492 3014 558 3082 tria
574 3014 694 3096 pusilla
702 3013 862 3095 choragia
876 3013 1070 3095 imprimere
1085 3015 1182 3097 coepi,
1194 3021 1234 3083 ut
1245 3014 1301 3083 he·

302 3137 374 3183 ram
390 3115 573 3183 facientem
589 3113 750 3183 videram.
773 3114 904 3183 Ansula
926 3113 960 3181 in
984 3114 1090 3184 latere
1106 3114 1233 3196 recidit,
1248 3136 1305 3183 ve·

305 3237 382 3286 rum
398 3216 468 3297 ipse
484 3237 538 3283 me
554 3213 737 3297 prohibuit.

383 3314 402 3342 “
418 3315 561 3384 ‘Revera
575 3315 648 3383 haec
664 3314 720 3382 illa
734 3314 806 3396 ipsa
816 3335 895 3382 arca
906 3315 979 3395 est‚'
994 3314 1042 3383 ait
1064 3315 1127 3384 ille.
1141 3313 1223 3384 ‘Hoc
1237 3314 1304 3384 iam

303 3416 410 3485 video.
434 3416 477 3484 Et
493 3415 621 3498 absque
637 3414 741 3483 dubio
765 3415 899 3483 forulus
920 3436 978 3483 eas
1001 3435 1087 3496 quas
1111 3415 1306 3483 memorasti

300 3516 387 3586 celat
403 3516 542 3585 litteras.
566 3516 629 3583 Ast
645 3514 699 3582 hae
714 3515 837 3583 litterae
852 3535 920 3583 non
936 3521 1008 3583 tuae
1023 3521 1114 3583 sunt.
1137 3513 1197 3583 Eae
1212 3513 1305 3583 herae

304 3623 375 3685 tuae
390 3623 470 3684 sunt
487 3615 639 3697 propriae.
657 3616 704 3684 Ut
720 3637 777 3683 eas
792 3615 930 3682 auferas
944 3614 1127 3683 concedere
1139 3636 1207 3683 non
1229 3637 1304 3697 pos-

303 3737 389 3815 sum,
406 3716 576 3798 quoniam,
593 3715 756 3798 profecto,
772 3736 841 3782 non
857 3721 891 3783 te
914 3714 1003 3782 novi.
1028 3714 1115 3784 Fieri
1131 3722 1242 3797 potest
1264 3723 1305 3783 ut

302 3817 342 3885 lis
357 3816 452 3884 abuit
467 3816 526 3884 tibi
543 3815 577 3883 in
600 3815 712 3883 animo
734 3815 807 3883 sit.''

388 3915 508 3985 “Omni
524 3916 623 3984 modo
639 3915 832 3984 obtestabar
855 3915 979 3983 iniuste
1002 3915 1035 3983 id
1047 3915 1128 3983 mihi
1143 3915 1304 3997 imputari

304 4016 432 4098 optima
455 4038 509 4084 me
525 4038 596 4084 esse
612 4015 730 4095 indole,
747 4014 838 4082 hcrae
852 4036 937 4083 meae
952 4036 993 4082 ex
1008 4015 1121 4083 animo
1135 4014 1220 4083 bene
1242 4014 1311 4097 vel,

304 4116 345 4197 le,
361 4138 483 4197 meque
498 4138 573 4183 eam
589 4115 687 4183 tueri.
705 4114 858 4196 Denique
874 4137 929 4183 me
944 4115 978 4182 in
996 4114 1057 4182 hoc
1073 4115 1209 4183 reduxit
1234 4136 1312 4183 con.

304 4216 408 4284 clave.
425 4217 500 4284 Prae
515 4217 632 4283 furore
648 4237 744 4297 paene
760 4214 837 4283 flevi
854 4215 882 4282 .”

394 4315 412 4343 “
437 4316 641 4384 ‘Revertere’
666 4314 776 4396 inquit
805 4315 952 4395 tandem,
981 4313 1032 4383 ‘ad
1059 4321 1155 4383 tuam
1185 4314 1312 4390 heram,

309 4417 431 4484 nuntia
447 4416 491 4484 illi
508 4438 562 4484 me
578 4416 619 4483 ad
637 4437 716 4483 suas
731 4416 792 4483 sibi
816 4416 1003 4484 reddendas
1024 4414 1154 4483 litteras
1175 4415 1314 4497 paratis·

301 4517 425 4585 simum
442 4539 524 4585 esse.
557 4516 687 4585 Dedere
716 4523 831 4585 tamen
862 4537 919 4585 eas
949 4515 1019 4585 suis
1044 4522 1179 4584 tantum
1207 4514 1313 4598 ipsius
