3128 5016
497 810 693 865 ouocmreu
715 809 900 866 smroouu
922 809 1061 865 scmsrr
1217 792 1281 863 309

277 978 433 1049 acumine
460 980 646 1062 superavit.
669 979 753 1050 Mihi
768 979 858 1050 enim
874 999 1078 1062 persuasum
1092 983 1167 1048 erat
1180 977 1280 1048 hodie

278 1100 358 1148 eum
373 1087 561 1149 venturum
578 1134 585 1149 .
603 1080 653 1149 ..’'

362 1178 489 1261 “Quid?
504 1181 604 1250 Tune
613 1180 741 1251 scivisti
751 1203 831 1250 eum
842 1179 1069 1249 venturumi'’
1081 1186 1222 1261 stupens
1231 1201 1282 1249 re·

279 1280 418 1362 petebat
434 1281 558 1364 Grady.
575 1280 663 1364 “Qui
686 1281 721 1351 id
745 1279 889 1350 scivisti?
915 1315 956 1325 —
979 1301 1023 1349 an
1049 1301 1133 1349 vero
1147 1301 1186 1350 os
1200 1279 1283 1349 mihi

280 1380 461 1451 sublinis?’'

362 1479 471 1550 “Scivi
487 1503 568 1552 eum
584 1483 801 1563 venturum,'’
817 1481 938 1551 asserit
952 1481 1104 1564 Godfrey
1120 1480 1281 1564 breviter,

283 1579 465 1663 “quoniam
479 1581 528 1650 ita
542 1582 625 1651 mihi
641 1583 765 1665 scripto
781 1581 986 1652 nuntiavit.”

364 1681 478 1751 Herus
493 1681 592 1765 Pigot
608 1682 747 1752 brevem
763 1682 869 1753 risum
882 1681 997 1752 edidit.

366 1781 490 1851 “Moris
512 1782 565 1851 sui
580 1790 632 1851 est
646 1782 680 1852 id
694 1783 885 1864 factitare,’'
901 1781 1022 1865 inquit,
1039 1780 1094 1851 “et
1109 1781 1283 1865 promissis

283 1888 374 1951 stare
388 1881 491 1950 etiam
507 1882 622 1951 solet.’'

367 1980 436 2050 “Eo
451 2004 527 2051 sum
543 1981 736 2064 deceptus,”
751 1982 970 2066 prosequitur
985 1981 1148 2065 Godtrey,
1166 1980 1280 2065 “quod

282 2103 362 2150 eum
376 2103 443 2150 non
459 2088 531 2150 tarn
545 2089 681 2150 matura
694 2082 759 2152 diei
776 2090 872 2165 parte
884 2081 1088 2165 exspectavi,
1114 2081 1206 2151 unde
1231 2081 1283 2151 fa·

283 2189 376 2250 ctum
393 2189 444 2251 est
460 2190 500 2251 ut
515 2182 615 2250 facile
637 2189 756 2251 auctor
770 2183 894 2252 fuisset
909 2204 1016 2264 quare
1030 2203 1094 2264 ego
1108 2182 1152 2252 ud
1166 2181 1282 2264 ignem

282 2281 421 2351 fatuum
430 2281 676 2363 insectandum,
685 2282 728 2351 ad
737 2283 981 2365 explorandum
989 2282 1109 2352 fictum
1118 2289 1282 2352 eventum

284 2381 406 2451 missus
421 2404 538 2450 essem.
555 2382 651 2452 Istud
666 2404 720 2451 me
729 2382 870 2464 decepit.
888 2384 1135 2451 Verumtamen
1150 2402 1215 2464 ego
1230 2403 1283 2451 oc·

284 2482 415 2550 cultum
431 2482 583 2552 forulum
599 2483 666 2552 iam
682 2483 777 2552 denis
792 2489 872 2551 ante
893 2480 1013 2551 diebus
1036 2480 1146 2564 reperi
1169 2487 1205 2550 et
1226 2502 1283 2550 ex·

284 2582 413 2663 ploravi
428 2618 469 2626 —
484 2582 566 2651 dum
582 2605 660 2651 arca
673 2603 781 2665 usque
796 2583 832 2651 in
847 2582 978 2651 aedibus
1003 2580 1151 2650 Vantine
1169 2601 1282 2650 serva·

285 2682 386 2751 batur
402 2717 442 2727 -
457 2683 618 2764 postridie
642 2704 785 2765 vespera
796 2703 864 2764 qua
879 2682 1037 2751 Matrona
1052 2680 1175 2751 Velata
1201 2701 1281 2751 suas

286 2782 416 2851 litteras
431 2790 704 2864 recuperaverat.
730 2783 775 2852 Et
798 2782 862 2851 hoc
881 2783 977 2852 tactu
992 2781 1076 2851 satis
1085 2780 1186 2851 facile
1200 2786 1285 2850 erat.

286 2882 400 2964 Miror,
431 2882 559 2963 Lester,
582 2905 747 2965 perquam
763 2882 854 2966 quod
870 2882 912 2952 de
927 2904 968 2952 ea
979 2904 1015 2951 re
1030 2903 1099 2951 non
1123 2888 1163 2952 tu
1178 2880 1282 2951 etiam

286 2982 478 3065 cogitavisti
488 2981 517 3050 !”

370 3082 468 3162 “Qua
482 3083 525 3151 de
542 3104 577 3152 re
592 3105 660 3152 non
677 3082 865 3165 cogitavit
881 3104 997 3166 quaero
1008 3103 1083 3165 ego.

370 3182 441 3251 “Dc
457 3183 559 3252 ianua
574 3183 696 3252 harum
710 3183 904 3266 ambagum.
921 3183 1067 3252 Forulus
1081 3180 1140 3265 qui
1154 3180 1286 3250 litteras

287 3282 427 3364 celabat,
442 3283 511 3351 fuit
526 3305 547 3351 a
562 3283 648 3352 laevo
663 3284 768 3352 latere
783 3305 884 3364 arcae;
901 3282 980 3352 inde
995 3281 1112 3351 statim
1136 3280 1286 3350 intellexi

288 3383 331 3451 ab
345 3383 488 3452 adverso
504 3383 609 3451 latere
625 3383 728 3452 alium
744 3384 897 3453 forulum
911 3382 1107 3452 delitescere
1120 3388 1288 3464 oportere,

288 3505 390 3565 quem
405 3491 439 3552 et
455 3505 476 3553 a
491 3483 611 3552 dextro
627 3484 733 3552 latere
749 3490 923 3567 repertum
938 3482 1087 3565 aperui.''

371 3582 466 3666 “Ego
481 3583 649 3666 quidem,”
668 3583 816 3666 inquam,
829 3582 917 3652 “non
933 3582 1105 3666 perspexi;
1127 3602 1171 3651 ne
1186 3580 1287 3651 modo

289 3683 426 3766 quidem
444 3684 640 3766 perspicio.”

373 3783 564 3866 “Agedum,
581 3784 752 3867 perpende
767 3784 893 3867 paucis.
905 3782 1192 3854 CurfuitDrouet
1202 3780 1287 3851 ooci·

290 3887 368 3955 sus?
380 3885 466 3965 Quia
481 3906 661 3954 erroneum
678 3886 812 3966 aperuit
826 3885 988 3954 forulum.
1004 3883 1038 3952 Is
1052 3882 1144 3952 enim
1156 3880 1291 3952 mecha·

290 3987 400 4055 nisma
415 3985 567 4054 adextro
582 4006 670 4054 arcae
684 3985 893 4066 attrectavit,
909 3986 980 4053 loco
994 4005 1015 4053 a
1028 3984 1125 4052 laevo.
1134 3984 1290 4053 Venusta

291 4088 346 4156 illa
361 4085 447 4155 Iulia
462 4085 650 4155 necessario
661 4085 800 4168 erravit,
816 4084 863 4155 illi
877 4084 1049 4166 deutrum,
1065 4083 1137 4153 loco
1152 4081 1230 4153 levi
1245 4082 1291 4153 la·
