3128 5016
278 727 340 797 312
551 741 761 797 ursa-amun
782 739 891 795 mern
912 731 1033 794 nomn

363 910 476 980 Herus
491 910 591 994 Pigot
606 911 641 979 in
657 909 808 979 medium
824 929 1034 992 progressus,
1049 905 1200 977 Mazurin
1215 926 1286 975 ma·

279 1033 326 1080 nu
342 1011 467 1080 attollit
483 1018 517 1080 et
533 1018 633 1081 caute
647 1016 809 1093 aspectat.

363 1109 455 1180 “Ista
470 1112 590 1181 saltem
603 1132 740 1194 gemma
759 1109 911 1193 genuina
925 1108 1008 1191 est,”
1032 1112 1110 1192 post
1132 1126 1285 1177 momen·

279 1210 480 1280 tumedixit.
499 1210 592 1281 “Nec
601 1210 720 1280 dubito
729 1210 812 1292 quin
821 1217 857 1279 et
866 1209 1005 1293 reliquae
1015 1207 1177 1292 genuinae
1185 1206 1286 1289 sint,’'

282 1311 380 1380 fatur
394 1333 452 1380 eas
465 1311 554 1381 inter
569 1311 694 1394 digitos
708 1310 885 1380 versitans

365 1410 479 1494 Grady
488 1433 597 1494 usque
609 1411 744 1492 dubius,
755 1417 893 1494 sumpta
903 1431 972 1479 una
985 1411 1124 1493 gemma
1133 1407 1177 1478 ad
1191 1406 1288 1477 iene-

280 1517 388 1579 stram
411 1511 551 1580 accessit
576 1532 720 1593 eamque
735 1509 825 1579 vitro
841 1509 1033 1592 applicitam
1049 1508 1208 1579 deorsum
1223 1506 1286 1577 du·

280 1609 341 1693 xit,
356 1611 425 1679 acri
440 1611 585 1694 vestigio
606 1612 740 1681 laesurae
754 1610 790 1678 in
804 1609 894 1679 vitro
909 1609 1035 1679 relicto.

365 1709 447 1781 “Est
461 1712 642 1795 genuina‚”
658 1710 770 1794 inquit
785 1710 925 1780 invitus
940 1708 1039 1780 “Meo
1050 1708 1188 1793 quidem
1198 1706 1287 1777 arbi·

283 1810 349 1880 trio
364 1811 437 1880 veri
452 1811 508 1881 isti
534 1812 733 1882 adamantes
756 1811 868 1892 sunt,”
892 1810 1018 1894 quibus
1039 1809 1138 1880 dictis
1159 1808 1286 1878 iterum

281 1911 441 1980 consedit.

344 2010 466 2080 “Nunc
476 2034 559 2081 vero
574 2012 702 2093 amici,”
712 2010 825 2095 pergit
835 2010 998 2093 Godfrey,
1008 2010 1068 2094 qui
1078 2016 1195 2079 actum
1203 2006 1286 2079 Gra·

280 2110 326 2193 dy
342 2111 510 2181 ludicrum
526 2113 695 2195 patienter
709 2134 749 2181 ac
764 2111 943 2181 subridens
952 2110 1097 2193 ferebat,
1109 2108 1193 2179 “hos
1207 2108 1288 2178 ada·

281 2219 416 2281 mantes
435 2212 470 2280 in
486 2219 637 2281 vestram
651 2213 813 2282 ditionem
827 2211 950 2281 dedere
962 2232 1040 2281 sum
1054 2217 1206 2295 paratus
1220 2207 1287 2278 Ve-

280 2311 349 2380 litis
357 2334 415 2380 eos
423 2311 538 2394 itaque
548 2334 738 2395 numerare,
749 2311 899 2395 mihique
908 2312 950 2382 de
966 2310 1112 2394 acceptis
1119 2308 1285 2393 apocham

282 2411 453 2480 redderc.''

357 2509 468 2580 ‘Tum
484 2519 534 2593 tu,
543 2510 672 2594 utique,
686 2512 729 2581 de
743 2518 872 2582 eventu
880 2510 1056 2581 historiam
1064 2508 1220 2591 scribes?
1235 2528 1287 2578 re.

281 2612 352 2680 fert
367 2633 427 2694 per
442 2633 649 2681 sarcasmum
665 2612 790 2695 Grady‚
805 2611 956 2695 “tuoque
970 2617 1095 2681 cuncta
1116 2608 1287 2680 attribues

282 2711 434 2781 merito.''

369 2811 528 2892 “Ehem”
544 2811 691 2883 intuitus
706 2836 786 2883 eum
801 2813 952 2896 Godfrey
968 2808 1285 2896 quaerit‚“ullunme

282 2919 322 2981 tu
338 2911 399 2981 tibi
414 2911 574 2980 meritum
592 2912 781 2985 vindicas?”
807 2913 862 2985 Ad
877 2934 956 2997 quae
970 2911 1077 2982 verba
1099 2909 1215 2992 Grady
1228 2930 1286 2979 ru·

282 3012 363 3080 bore
378 3012 538 3080 suffusus
551 3012 634 3081 nihil
658 3015 749 3096 quod
772 3014 899 3084 diceret
923 3012 1081 3082 habebat
1104 3008 1226 3091 “Quod
1239 3008 1285 3079 ad

282 3111 488 3180 historiolam
511 3111 635 3181 attinet
650 3135 691 3182 ea
705 3114 773 3183 iam
788 3114 913 3198 scripta
931 3118 994 3183 est
1009 3112 1049 3181 In
1064 3110 1160 3181 denis
1173 3109 1286 3179 minu·

282 3213 327 3281 tis
341 3233 382 3280 ea
396 3211 463 3279 iarn
479 3211 514 3279 in
530 3212 594 3281 viis
608 3215 854 3284 versabitur-
869 3213 955 3284 etin
970 3220 1145 3295 stuporem
1165 3230 1286 3281 omnes

282 3311 382 3394 aget!
399 3310 499 3379 Modo
515 3312 599 3381 velis
623 3313 822 3385 adamantes
836 3334 1027 3385 numerare.
1043 3310 1204 3395 Reperies
1226 3330 1286 3380 eos

282 3412 432 3482 ducenos
446 3433 519 3480 esse
534 3420 569 3480 et
584 3412 719 3483 denos.’'

386 3511 473 3579 “Tot
501 3533 622 3582 revera
647 3514 845 3585 adamantes
871 3514 997 3597 Magno
1022 3510 1109 3583 Duci
1134 3510 1285 3595 surrepti

282 3611 394 3692 sunt,”
410 3619 526 3680 monet
540 3612 643 3682 herus
654 3614 764 3697 Pigot,
779 3636 819 3685 ac
830 3634 1011 3684 numerare
1025 3610 1184 3696 perrexit
1195 3610 1286 3681 Ada-

282 3720 415 3780 mantes
429 3722 657 3783 numerarunt
671 3715 837 3785 ducentos
851 3722 887 3785 et
905 3714 1032 3784 decern.

367 3810 501 3880 “Herus
515 3811 693 3882 Shearrow
708 3815 903 3885 substernet
918 3812 1113 3897 apocham,”
1131 3810 1284 3895 Godfiey

281 3911 467 3994 subiungit
484 3920 559 3994 post
573 3912 751 3983 Shearrow
776 3915 930 3984 chartam
944 3936 963 3983 c
978 3912 1111 3983 sacculo
1128 3932 1284 3995 exprom-

283 4013 359 4095 psit,
375 4034 450 4081 eam
466 4013 602 4094 evolvit,
619 4021 822 4098 textumque
837 4015 911 4085 eius
925 4012 1090 4097 praelegit.
