3128 5016
540 841 663 895 omov
684 841 830 894 ormam
852 839 1016 894 coursnr
1234 820 1276 890 47

283 1017 498 1085 automaton:
520 1010 599 1080 inde
615 1010 738 1079 tussire
754 1032 792 1079 ac
807 1016 956 1092 sputare‚
979 1007 1169 1078 beneficum
1194 1005 1280 1074 calo·

282 1134 352 1180 rem
368 1111 559 1195 percipere;
581 1119 657 1181 tum
672 1111 798 1179 iterum
812 1110 958 1192 amplius
973 1109 1051 1178 bibi.
1083 1109 1205 1176 Postea
1220 1106 1281 1174 ite-

283 1234 357 1281 rum
373 1211 444 1280 vidi
458 1211 608 1294 Godfrey
623 1211 706 1279 mihi
720 1211 953 1280 imminentem
969 1216 1069 1279 stare.

364 1311 551 1382 “Meliusne
566 1334 658 1381 nunc
674 1319 709 1381 te
724 1312 873 1381 habes?”
890 1310 1134 1381 sciscitabatur.

363 1413 463 1482 Nutu
478 1412 597 1494 capitis
613 1412 778 1494 respondi.

363 1529 458 1600 “Nec
474 1531 578 1600 miror
591 1537 626 1601 te
641 1552 715 1600 esse
729 1552 910 1600 excussum
936 1537 1034 1600 tanto
1059 1525 1279 1606 infortunio,”

283 1631 403 1714 pergit,
431 1629 487 1700 “et
511 1653 576 1714 ego
602 1653 694 1713 aegre
718 1631 862 1714 pedibus
877 1639 939 1700 sto.
976 1629 1117 1699 Interim
1131 1627 1281 1696 famulos

283 1731 449 1801 medicum
464 1731 612 1801 Vantine
627 1754 798 1802 accersere
813 1732 894 1802 iussi
909 1731 1024 1801 -sed
1039 1731 1093 1799 ille
1107 1728 1190 1797 nihil
1205 1748 1280 1810 pro

283 1832 375 1902 desse
390 1832 550 1915 poterit.''

363 1932 560 2002 “Reverane
576 1934 647 2017 ipse
662 1940 821 2003 mortuus
846 1934 945 2003 est?’'
971 1954 1088 2016 quaero
1113 1951 1279 2009 mussans,

283 2033 384 2103 oculis
398 2033 483 2103 meis
498 2055 601 2116 super
615 2042 825 2104 contractam
841 2057 880 2104 ac
896 2041 1101 2117 prostratam
1120 2053 1192 2100 rem
1208 2030 1280 2112 qui-

283 2133 480 2216 escentibus,
497 2156 575 2216 quae
590 2137 703 2218 paullo
718 2143 799 2205 ante
820 2136 996 2218 Philippus
1022 2141 1096 2203 erat
1122 2132 1278 2202 Vantine.

361 2250 528 2320 “Prorsus
542 2252 591 2320 ita
606 2252 658 2321 uti
672 2253 726 2322 ille
746 2253 862 2323 alter.’'

361 2352 451 2421 Tum
467 2352 555 2435 coepi
570 2353 782 2435 meminisse;
815 2353 982 2438 prehenso
998 2353 1104 2435 igitur
1118 2351 1192 2419 eius
1207 2350 1280 2418 bra-

282 2451 363 2534 chio,
379 2475 458 2521 eum
474 2451 517 2521 ad
532 2475 587 2522 me
603 2453 743 2523 detraxi.

363 2552 535 2635 “Godirey
550 2553 627 2634 mi,'’
644 2576 784 2624 susurro
799 2556 839 2637 ei,
856 2554 1054 2625 “cuiusnam
1069 2575 1137 2621 vox
1147 2553 1203 2620 illa
1212 2552 1281 2620 fuit

284 2687 321 2698 -
336 2660 397 2723 aut
412 2654 622 2722 somniavine
638 2691 679 2699 -
695 2655 737 2724 de
752 2657 900 2738 quadam
915 2656 1055 2725 muliere
1065 2655 1101 2723 ?’'

362 2769 462 2840 “Non
477 2771 688 2841 somniavisti
704 2809 744 2817 -
761 2773 789 2842 is
805 2774 935 2856 Rogers
953 2773 1022 2842 fuit
1047 2808 1088 2817 -
1114 2772 1185 2854 ipse
1206 2772 1281 2840 fere

282 2869 412 2940 insanit.
443 2870 677 2955 Simulatque
701 2874 795 2943 adse
811 2873 981 2955 rediverit‚
1007 2873 1182 2942 historiam
1208 2872 1281 2941 eius

281 2971 479 3040 eliciemus.”

360 3088 501 3158 Interim
516 3089 638 3171 aliquis
652 3113 732 3160 eum
756 3112 861 3174 prope
877 3091 920 3161 ad
935 3092 1072 3160 ianuam
1096 3090 1279 3171 sevocavit,

281 3187 359 3258 dum
374 3210 440 3271 ego
454 3190 546 3258 solus
561 3190 708 3272 relictus,
725 3192 828 3261 oculis
843 3193 877 3260 in
893 3193 985 3260 inani
1007 3191 1169 3274 vagabar.
1185 3191 1280 3259 Fuit·

280 3310 321 3357 ne
335 3312 418 3372 ergo
433 3289 555 3358 mulier
569 3290 604 3358 in
620 3291 728 3360 vitam
744 3293 892 3362 Vantinc
908 3293 1075 3375 implexa!
1097 3293 1147 3360 Ea
1158 3293 1280 3360 fortas·

281 3411 314 3458 se
328 3391 364 3458 in
379 3412 482 3459 causa
496 3391 565 3460 fuit
581 3414 687 3474 quare
714 3416 856 3462 uxorem
883 3417 950 3462 non
976 3394 1137 3463 duxisset.
1175 3394 1279 3461 Miror

280 3512 354 3572 quae
368 3490 464 3560 foeda
479 3513 603 3560 arcana
617 3493 652 3561 in
667 3495 777 3563 lucem
792 3495 1032 3577 protractanda
1047 3495 1133 3563 sint!

359 3608 489 3677 Verum
505 3608 533 3677 si
548 3610 670 3679 mulier
681 3611 839 3680 occiderit
850 3613 1009 3693 Vantine‚
1020 3613 1162 3681 eandem
1172 3613 1278 3695 ipsam

279 3729 413 3778 necesse
428 3715 479 3777 est
494 3715 530 3777 et
544 3709 714 3780 d'Aurelle
731 3713 899 3782 occidisse.
913 3713 1059 3783 Ubinam
1075 3713 1147 3796 ipsa
1162 3714 1278 3783 latuit?

280 3807 306 3877 E
320 3808 525 3892 quibusnam
540 3810 669 3880 insidiis
683 3812 789 3881 ictum
804 3814 944 3882 intulit?

359 3925 589 4009 circumspexi
615 3929 784 4011 conclave,
799 3937 840 3999 ut
855 3939 982 4000 tremor
1005 3955 1060 4001 me
1086 3934 1278 4005 incesserat.

279 4023 445 4108 Trepidus
459 4028 591 4097 surrexi
607 4029 648 4097 de
664 4030 754 4112 sella,
766 4033 973 4114 palpansoue
985 4034 1028 4102 ad
1042 4035 1134 4103 fores
1145 4037 1277 4106 accessi.

279 4123 426 4209 Godfrey
441 4148 497 4197 me
511 4129 706 4199 venientem
721 4131 864 4214 audivit,
879 4133 1112 4205 circumvertit
1134 4157 1180 4218 se,
1204 4139 1279 4207 vul·
