3128 5016
277 810 341 878 266
540 824 750 880 nrsrsrnuu
772 822 878 878 Anca
899 816 1018 879 nouos

362 992 501 1062 Summo
516 992 739 1062 simulationis
764 999 899 1074 conatu,
926 991 1024 1075 quasi
1050 990 1135 1060 nihii
1161 990 1205 1060 ad
1226 1012 1281 1061 me

279 1093 451 1174 attineret,
466 1094 568 1162 ianua
583 1097 711 1175 aperta,
727 1092 879 1162 transivi.
913 1091 1000 1161 Dein
1015 1091 1146 1161 invitus
1158 1091 1283 1161 consti·

279 1192 315 1260 ti.
338 1192 427 1261 Nam
443 1193 517 1274 illic,
533 1193 567 1262 in
583 1193 695 1262 medio
717 1195 796 1274 solo,
819 1192 932 1262 stabat
956 1212 1034 1261 arca
1060 1191 1178 1273 Bouie,
1200 1191 1282 1261 hero

280 1292 379 1374 Pigot
394 1293 437 1361 ad
452 1315 560 1362 unum
576 1294 666 1362 latus
679 1293 846 1374 adstante,
862 1314 881 1361 e
896 1291 1033 1374 regione
1057 1299 1177 1361 autem
1200 1291 1282 1361 Gra·

279 1392 324 1473 dy
339 1401 373 1460 et
389 1392 580 1462 Simmonds
594 1393 799 1474 sedentibus,
815 1392 901 1461 etin
916 1391 1006 1461 sellis
1027 1412 1126 1474 paene
1151 1391 1281 1461 incurie

280 1493 467 1573 prostratis,
481 1494 666 1575 nigrosque
681 1493 901 1562 convolvulos
915 1491 1143 1561 fumantibus
1264 1486 1267 1493 ’

364 1592 525 1661 Omnium
541 1593 627 1661 oculi
642 1593 676 1660 in
693 1614 746 1662 me
762 1593 947 1660 intrantem
962 1591 1117 1661 conversi
1132 1598 1226 1673 sunt,
1246 1598 1281 1661 et

280 1693 380 1773 Pigot
397 1692 534 1775 quidem
550 1702 707 1775 caperata
722 1695 848 1775 fronte,
864 1695 898 1762 in
914 1694 1077 1763 indicium
1092 1713 1166 1762 suae
1180 1690 1280 1761 urba·

280 1792 398 1860 nitatis
420 1793 463 1861 ad
489 1793 682 1874 ruptionem
715 1794 872 1874 intentae;
904 1792 1096 1864 Simmonds
1120 1792 1281 1862 affectata

280 1892 467 1973 miratione,
484 1893 609 1974 Grady,
625 1893 783 1975 denique,
798 1893 921 1962 blando
937 1893 1072 1975 lenique
1099 1891 1181 1974 risu,
1205 1892 1283 1961 alio

280 1992 363 2073 quin
379 2014 519 2061 vacuus.
542 1993 613 2062 Hoc
629 1993 699 2061 risu
714 1993 950 2063 animadverso
971 1993 1107 2062 animus
1120 1992 1203 2061 mihi
1218 1992 1280 2061 eri·

280 2093 315 2174 gi
332 2092 443 2173 coepit.

365 2191 487 2273 “Ergo,
504 2192 593 2261 Here
615 2193 765 2274 Lester,”
789 2215 844 2262 me
868 2193 1007 2274 affatur,
1032 2191 1169 2264 “arcam
1195 2194 1282 2265 hanc

281 2292 397 2360 videre
412 2292 507 2374 cupis
518 2292 555 2361 ?”

366 2391 503 2473 “Cupio,
518 2393 707 2475 equidem,''
725 2393 889 2475 respondi,
913 2392 1222 2477 “quandoquidem,
1243 2402 1284 2465 ut

281 2492 380 2572 nosti,
395 2513 436 2559 ea
452 2513 571 2560 revera
586 2493 628 2560 ad
644 2493 733 2561 bona
749 2501 880 2575 spectat
895 2493 1052 2575 Vantine;
1065 2493 1149 2563 mihi
1163 2494 1199 2564 in
1213 2494 1283 2565 ani-

282 2613 337 2658 mo
353 2600 404 2659 est
421 2613 496 2659 eam
510 2592 682 2661 vindicare
707 2629 737 2636 -
754 2592 889 2674 scilicet,
913 2593 941 2662 si
966 2614 1035 2676 quo
1058 2614 1139 2664 casu
1157 2594 1230 2665 sine
1244 2594 1281 2665 ii·

283 2698 317 2759 te
332 2691 512 2760 restituere
528 2692 644 2761 nolis.”

366 2790 431 2859 “Et
446 2791 508 2860 hoc
524 2791 584 2860 tibi
600 2792 710 2874 modo,
726 2793 838 2863 media
852 2802 962 2875 nocte,
985 2814 1066 2863 casu
1081 2794 1118 2864 in
1132 2804 1284 2865 mentem

282 2891 423 2959 venit?”
440 2913 501 2972 per
516 2892 658 2960 ironiam
674 2893 807 2974 quaerit.

367 2989 556 3071 “Minime'’
572 2991 735 3061 audacter
751 2993 794 3061 illi
812 3015 942 3075 regero,
958 2992 1038 3063 “sed
1052 2994 1123 3063 vidi
1134 3001 1215 3065 teet
1225 2994 1284 3065 he-

283 3112 358 3158 rum
374 3089 574 3171 Simmonds,
589 3114 668 3160 cum
684 3093 748 3161 isto
764 3093 913 3175 ingenuo
928 3093 1022 3163 viro'’
1038 3140 1080 3150 -
1094 3094 1287 3177 proclinans

283 3212 404 3259 versus
418 3190 540 3259 herum
556 3192 656 3273 Pigot
683 3229 716 3236 -
742 3192 880 3274 “paucis
905 3193 1087 3263 momentis
1109 3203 1191 3265 ante
1217 3195 1285 3265 huc

283 3290 421 3371 intrare,
450 3291 541 3359 unde
567 3291 648 3359 mihi
676 3292 709 3360 in
736 3292 889 3361 animum
913 3293 1009 3362 venit
1034 3293 1286 3377 cogitationen·

284 3413 380 3472 nosse
397 3399 437 3459 ut
453 3390 486 3459 id
501 3392 612 3471 gratia
626 3414 715 3461 arcae
730 3394 862 3462 factum
877 3400 976 3462 esset.
999 3392 1128 3476 Utique
1149 3416 1214 3465 nos
1227 3416 1287 3465 no·

284 3493 398 3559 tumus
413 3499 451 3559 ut
475 3513 553 3559 arca
577 3493 684 3561 ullum
707 3492 952 3563 detrimentum
975 3493 1076 3563 ierat.
1106 3493 1170 3565 Est
1193 3494 1285 3565 enim

284 3591 398 3669 mauni
416 3591 545 3672 pretii.”

369 3691 427 3759 “ld
455 3712 498 3759 ne
527 3698 561 3759 te
588 3693 724 3774 angat,”
750 3693 856 3761 refert
879 3691 995 3776 Grady
1016 3693 1131 3764 minus
1159 3694 1288 3777 curius,

285 3791 373 3859 “non
400 3791 430 3859 ei
457 3790 651 3859 officiemus.
674 3791 780 3861 Simul
807 3792 910 3861 ctiam
936 3800 1020 3875 puto
1045 3814 1122 3863 cam
1147 3815 1211 3865 nos
1225 3794 1288 3865 tibi

285 3901 358 3973 post
375 3891 462 3959 hanc
478 3900 611 3958 noctem
627 3892 900 3975 quandocunque
926 3893 1050 3963 dedere
1073 3902 1212 3976 paratos
1232 3895 1289 3965 fu·

285 4002 389 4060 turos.
413 3991 525 4058 Herus
551 3991 689 4070 Pigqott
713 3993 860 4073 primum
886 4014 1012 4074 paucas
1037 3993 1179 4063 technas
1197 3994 1289 4065 circa

285 4112 361 4161 earn
376 4112 438 4160 nos
453 4092 572 4160 docere
596 4091 701 4173 cupit.
734 4092 902 4175 Equidem
925 4100 1010 4177 puto
1033 4093 1088 4163 ius
1112 4092 1287 4179 quoddam
