3128 5016
629 1688 782 1760 CAPUT
802 1688 914 1759 XXIII

521 1876 616 1941 Hero
632 1875 734 1955 Piqor
751 1872 896 1943 Obviam
915 1876 1021 1944 Imus.

359 2056 552 2125 Posuimus
573 2063 725 2139 tempore
742 2057 971 2139 pomeridiano
986 2059 1055 2126 iam
1080 2078 1124 2126 ex
1145 2056 1283 2127 officina

278 2156 411 2239 prodire
426 2157 598 2239 parabam,
614 2179 721 2239 quum
736 2158 888 2240 faidfrey
903 2180 958 2227 me
973 2179 1034 2240 per
1057 2156 1283 2240 telephonum

276 2259 484 2339 provocavit.

360 2355 539 2436 “Quonam
566 2356 664 2425 hodie
695 2357 790 2427 vales
818 2357 929 2441 modo,
960 2355 1126 2428 Lester?”
1153 2358 1283 2440 quaerit

277 2459 341 2526 ille.

361 2556 459 2626 “Non
475 2579 517 2625 ex
532 2556 622 2624 omni
639 2577 782 2626 numero
797 2564 836 2626 ut
851 2558 1004 2640 vellem‚”
1027 2554 1196 2640 respondi.

359 2658 495 2727 “Iamne
511 2663 671 2741 paravisti
685 2680 763 2743 quae
778 2659 821 2728 ad
837 2659 1081 2741 profectionem
1101 2664 1201 2728 tuam
1224 2657 1282 2729 die

278 2759 367 2827 Iovis
381 2759 538 2828 feriatam
555 2768 709 2843 spectant
724 2759 837 2828 omnia
846 2759 884 2827 ?''

360 2858 418 2927 “Id
435 2860 581 2942 quidem,
597 2861 749 2942 Godfrey
765 2859 821 2941 mi,
846 2857 939 2928 haud
965 2857 1209 2941 lepidissimum
1234 2858 1281 2929 io-

277 2982 355 3028 cum
371 2982 442 3027 esse
458 2960 635 3029 arbitror.’'

361 3059 547 3141 “Equidem
562 3060 768 3129 nullomodo
782 3060 882 3128 iocor.
898 3058 983 3128 Volo
997 3065 1032 3127 te
1047 3079 1088 3127 ea
1102 3078 1280 3141 apparare.

279 3161 411 3228 Interea
426 3168 539 3228 tamen
555 3160 637 3242 quid
653 3161 712 3229 tibi
728 3161 770 3229 de
786 3160 911 3228 haustu
935 3158 1077 3227 modicae
1098 3179 1194 3228 aurae
1216 3160 1281 3229 sal-

278 3283 334 3339 sa,
350 3260 412 3328 hac
428 3261 500 3341 ipsa
515 3282 667 3343 vespera,
683 3260 820 3329 videtur
829 3259 866 3327 ?''

362 3359 493 3439 “Quam
510 3362 686 3442 optimum.
703 3361 809 3442 Ecqui
824 3358 858 3428 id
873 3358 1007 3428 eveniet
1016 3358 1052 3427 ?”

368 3460 445 3527 “Iro
461 3463 585 3529 Samia
599 3461 687 3528 circa
702 3460 821 3528 horam
848 3466 978 3527 sextam
994 3458 1037 3527 ad
1059 3458 1279 3530 moratoriam

279 3561 432 3643 appellet.
455 3560 528 3640 Ego
543 3568 658 3629 nostra
673 3561 793 3628 celoce¹
810 3560 840 3628 ei
865 3558 999 3627 obviam
1023 3558 1088 3627 ibo.
1111 3558 1281 3643 iuspecto

280 3684 351 3729 rem
368 3661 466 3739 Pieot
484 3696 522 3705 —
538 3669 696 3741 arentem
720 3660 920 3729 Francicum
935 3694 976 3704 -
991 3658 1107 3741 paucis
1120 3660 1280 3729 conveni·

280 3786 315 3830 re
331 3761 417 3830 volo.
441 3761 542 3829 Visne
558 3761 719 3830 interesse
729 3761 765 3829 ?'’

381 3965 403 4014 1.
423 3960 517 4019 (tior,
534 3961 597 4021 wis,
615 3979 701 4024 genus
713 3968 755 4013 est
768 3962 847 4013 navis
876 3959 1020 4019 celerioris,
1045 3959 1203 4027 plerumque
1228 3961 1281 4027 pti·

281 4054 414 4105 vatorum,
427 4047 459 4098 ad
474 4046 658 4111 navigandum
672 4046 759 4097 animi
772 4061 861 4097 causa.
