3150 5468
453 1247 570 1317 imaus
590 1263 746 1316 auuavu
767 1260 963 1316 cononum
1144 1242 1205 1312 177

297 1431 438 1512 Insuper
452 1439 487 1499 et
503 1453 594 1500 mors
609 1431 757 1501 Vantine
771 1430 923 1499 animum
939 1451 1054 1498 meum
1069 1450 1214 1498 moerore

212 1530 337 1598 affecit.
361 1531 476 1612 Usque
493 1554 533 1600 eo
549 1532 632 1600 dum
647 1532 689 1600 ad
706 1531 797 1599 hunc
812 1531 945 1599 tristem
971 1537 1134 1598 eventum
1157 1550 1214 1597 ex-

213 1630 405 1712 plicandum
422 1631 543 1699 modus
558 1632 679 1713 aliquis
693 1640 798 1713 atque
813 1652 889 1712 spes
904 1629 1106 1711 suppetebat
1117 1636 1152 1697 et
1163 1628 1215 1696 af·

212 1730 377 1810 fulgebat,
389 1753 491 1798 causa
502 1731 673 1811 declarari,
684 1731 883 1812 tactumque
899 1729 1056 1811 explicari
1069 1735 1212 1811 poterat;

212 1839 248 1897 at
271 1852 362 1898 nunc
387 1831 561 1899 theorema
585 1853 699 1899 meum
724 1830 860 1898 omnino
883 1836 957 1897 erat
978 1849 1157 1908 eversum;
1181 1827 1214 1896 in

213 1930 361 1998 tenebris
377 1954 452 1999 sum
470 1932 616 2011 relictus,
631 1930 721 2000 unde
737 1931 829 1999 nullo
847 1937 946 2011 pacto
968 1938 1120 2012 poteram
1141 1930 1212 1998 elu-

212 2030 306 2098 ctari.
333 2032 520 2114 Nunquam
544 2040 645 2100 antea
672 2032 739 2099 ullo
766 2030 926 2112 mysterio
942 2030 1030 2098 sensi
1052 2052 1106 2097 me
1128 2029 1212 2097 adeo

213 2131 434 2212 obcoecatum,
461 2132 595 2214 meique
619 2132 790 2212 impotem,
814 2152 917 2213 quam
943 2130 1016 2209 hoc,
1040 2138 1074 2198 et
1096 2151 1215 2197 sensus

216 2230 270 2298 hic
285 2231 332 2298 ita
348 2254 402 2300 me
418 2232 531 2300 obruit
550 2240 588 2300 ut
604 2241 783 2314 postquam
810 2230 964 2298 cubitum
988 2229 1133 2309 ivissem,
1155 2229 1213 2297 diu

214 2353 267 2398 me
284 2331 470 2400 insomnem
482 2342 516 2400 et
527 2332 748 2413 irrequietum
760 2332 910 2398 iactaret.
922 2331 1054 2398 Arcano
1066 2329 1213 2411 quodam

217 2431 315 2498 modo
332 2432 421 2499 vires
437 2454 528 2500 meas
542 2454 620 2499 cum
644 2432 806 2513 superiori
823 2431 936 2511 aliqua
951 2438 1117 2512 potestate
1134 2429 1215 2497 mihi

215 2553 390 2599 conserere
405 2532 553 2612 videbar,
570 2532 691 2599 minaci
714 2541 747 2599 et
773 2531 912 2599 terribili
936 2539 1113 2612 potestate,
1136 2552 1215 2611 quae

215 2653 269 2699 me
285 2633 337 2699 vel
354 2633 507 2701 versione
522 2632 613 2714 carpi
625 2631 833 2700 contundere
848 2639 883 2699 et
899 2631 1126 2699 comminuere
1143 2653 1216 2713 pos

214 2755 249 2800 se
266 2732 416 2813 parebat.

297 2884 554 2951 Testamentum
572 2885 718 2952 Vantine
735 2894 852 2955 secuto
878 2885 931 2954 die
959 2884 1067 2952 Lunae
1091 2883 1209 2965 proba-

214 2991 287 3051 tum
305 2993 365 3050 est.
390 2983 538 3062 Leuibus
552 2985 625 3053 eius
640 2994 779 3053 cautum
802 2996 875 3055 erat
892 2995 930 3055 ut
947 2993 1019 3053 tota
1043 2983 1216 3064 congeries

217 3083 458 3164 productorum
491 3084 574 3151 artis
601 3085 632 3151 in
659 3107 814 3153 rnuseum
837 3086 1073 3163 deveheretur,
1095 3084 1217 3152 domus

213 3192 339 3260 autem,
356 3206 472 3264 eaeque
488 3183 520 3250 in
538 3207 577 3250 ea
594 3206 646 3251 res
662 3185 787 3265 quibus
811 3208 967 3253 museum
993 3207 1060 3252 non
1088 3192 1215 3262 eqeret,

213 3282 372 3349 beneficio
388 3284 492 3350 musei
504 3284 669 3351 venirent.
684 3284 812 3352 ilerum
825 3285 950 3364 Caspar
963 3284 1098 3351 Purdon
1112 3283 1212 3352 Clark

212 3382 253 3450 de
270 3383 401 3463 legibus
417 3385 609 3450 testamenti
627 3385 692 3451 iam
708 3385 884 3453 certiorem
901 3384 975 3463 feci,
992 3393 1095 3465 atque
1110 3384 1212 3451 advo·

213 3493 310 3549 catus
325 3483 431 3550 musei
449 3492 652 3551 testamento
674 3485 816 3565 legendo
841 3484 1008 3551 interfuit.
1040 3483 1072 3550 ls
1098 3483 1214 3552 retulit

214 3581 274 3648 sibi
291 3582 533 3649 demandatum
550 3606 622 3650 esse
639 3593 675 3651 ut
692 3606 745 3651 me
761 3584 802 3651 ad
822 3606 874 3652 res
890 3587 957 3651 una
971 3583 1147 3650 duabusve
1163 3606 1212 3650 se-

215 3681 382 3761 ptimanis,
399 3682 503 3748 donec
520 3683 646 3749 eaedem
662 3684 761 3750 avehi
775 3692 920 3764 possent,
932 3682 1214 3751 administrandas

214 3781 364 3858 rogando
381 3781 562 3848 induceret.
586 3785 750 3863 (lportere
766 3783 867 3850 etiam
891 3783 1034 3851 asseruit
1059 3784 1212 3852 inventa·

216 3880 303 3947 rium
320 3902 433 3947 rerum
452 3882 597 3948 Vantine
625 3892 862 3962 congestarum
878 3892 917 3951 ut
933 3883 1038 3962 tieret,
1054 3883 1095 3951 ad
1112 3906 1213 3965 quarn

213 3980 283 4047 sine
301 4002 394 4046 mora
411 3981 656 4061 suscipiendam
673 3982 818 4051 vicarius
834 3983 941 4051 musei
958 3982 1104 4051 director
1125 3983 1212 4051 dele-

212 4088 315 4159 gatus
330 4089 391 4147 est.

300 4229 360 4296 His
376 4230 623 4297 conditionibus
648 4253 746 4312 aequo
768 4231 880 4298 animo
906 4231 1077 4313 acquievi:
1101 4232 1157 4299 sed
1181 4232 1214 4298 in

215 4328 382 4395 officinam
394 4331 760 4398 reversusanimicerte
771 4332 971 4412 pendentem
984 4353 1037 4398 me
1047 4331 1214 4399 sensillr·

215 4428 299 4494 tium
315 4430 488 4506 congeries
507 4430 651 4497 Vantine
668 4431 746 4496 milri
764 4453 939 4512 nunquam
966 4453 1031 4497 non
1059 4453 1136 4512 pars
1162 4431 1214 4498 sui

215 4527 319 4609 ipsius
336 4529 534 4609 videbatur;
568 4529 649 4610 quin
666 4531 767 4598 etiarn
783 4532 859 4613 plus
873 4530 994 4598 domus
1009 4531 1113 4613 ipsius
1128 4552 1216 4613 pars,
