3128 5016
497 827 720 882 annuamus
742 826 1035 882 memmovrrcn
1215 810 1279 883 28³

362 995 490 1065 Eadem
505 995 666 1078 cogitatio
681 995 815 1065 etmihi
836 995 993 1077 occurrit,
1017 994 1178 1078 quoniam
1201 994 1281 1065 Cro·

279 1094 383 1164 chard
397 1095 568 1165 adventus
582 1095 655 1164 heri
664 1095 765 1177 Pigot
776 1102 867 1164 certe
879 1095 1022 1177 ignarus
1035 1116 1104 1163 non
1115 1094 1202 1176 fuit;
1217 1115 1280 1164 nec

279 1194 362 1264 mihi
376 1194 580 1277 persuadere
595 1203 749 1278 poteram
773 1196 934 1264 futurum
960 1215 1041 1264 eum
1065 1194 1210 1264 inertem
1232 1202 1282 1264 te·

281 1302 379 1377 stem,
395 1294 477 1364 dum
491 1316 638 1377 gemmae
652 1295 683 1364 ei
702 1296 787 1364 clam
811 1294 1084 1364 subducerentur
1106 1330 1148 1339 -
1162 1301 1204 1365 ut
1218 1315 1282 1365 sua

278 1395 424 1478 gloriosa
438 1395 603 1477 promissa
619 1394 770 1478 Godfrey
783 1396 878 1465 facta
892 1396 991 1478 plane
1005 1401 1148 1465 taceam.
1161 1394 1281 1479 Itaque

280 1494 530 1578 quodammodo
544 1496 731 1565 allevatum
746 1517 801 1565 me
817 1498 906 1565 sensi
922 1517 1031 1578 quum
1046 1494 1160 1578 Grady
1172 1495 1216 1565 ad
1231 1495 1281 1565 ni·

280 1595 327 1664 hil
343 1595 603 1678 periclitandum
618 1595 701 1665 satis
715 1617 834 1679 sapere
849 1596 1005 1679 comperi.

364 1711 439 1781 “Tu
454 1719 572 1781 autem
587 1712 616 1780 si
629 1712 719 1795 sapis
741 1712 918 1795 apocham¹
944 1713 1091 1797 posces,'’
1111 1713 1283 1796 prosequi·

281 1820 338 1881 tur
360 1811 484 1894 Grady,
515 1810 570 1881 “et
586 1812 634 1880 ita
648 1834 731 1893 ages
744 1819 785 1880 ut
800 1812 956 1881 vidulum
977 1812 1051 1882 heri
1065 1812 1205 1896 Piggott
1229 1834 1282 1882 co

282 1934 355 1981 ram
370 1919 485 1981 tecum
502 1912 615 1981 dedas.
632 1911 774 1993 Satisne,
799 1912 899 1993 Here,
915 1913 961 1982 sic
977 1919 1119 1982 cautum
1134 1934 1207 1983 esse
1222 1934 1284 1996 pu·

281 2014 375 2083 tasl''
391 2012 515 2095 quaerit
530 2012 572 2081 ad
589 2012 760 2081 Francum
775 2033 906 2081 versus.

365 2112 529 2181 “Prorsus
544 2112 634 2194 satis,
650 2112 697 2180 mi
712 2112 834 2180 Here.''

365 2228 530 2298 “Factum
556 2228 660 2309 bene;
693 2236 769 2297 tum
794 2250 868 2298 cras
893 2251 992 2298 mane
1014 2236 1049 2298 te
1071 2230 1282 2300 conveniam.

282 2331 456 2401 Caeterum
470 2351 624 2413 gemmas
639 2329 802 2412 reperisse
817 2329 879 2398 tibi
895 2331 1058 2411 gratulor.
1082 2330 1183 2400 Certe
1198 2351 1284 2414 opus

282 2432 414 2514 insigne
428 2429 648 2512 praestitisti?

366 2547 539 2618 “Gratiam
555 2547 616 2616 tibi
631 2546 749 2628 habeo,
766 2546 811 2615 mi
827 2546 948 2627 Here,”
970 2546 1123 2629 graviter
1146 2569 1283 2631 respon-

283 2649 333 2718 dit
358 2648 462 2717 herus
488 2648 598 2730 Pigot.
632 2645 885 2729 “Propedieml²
910 2646 957 2714 mi
980 2646 1101 2728 Here,”
1126 2654 1284 2730 nutuque

283 2748 402 2831 capitis
416 2747 498 2816 mihi
519 2746 692 2827 valedixit,
719 2745 796 2815 dein
819 2745 1010 2815 Simmonds
1032 2745 1067 2815 in
1090 2746 1284 2817 cubiculum

283 2848 436 2918 anterius
449 2854 501 2917 est
516 2854 663 2916 secutus.

368 2964 492 3046 Grady‚
508 2963 615 3031 altero
631 2963 762 3045 prolato
777 2962 990 3043 convolvulo,
1004 2962 1165 3032 consedit.

369 3063 507 3144 “Ehem,
523 3062 569 3131 mi
585 3062 675 3132 Here
691 3062 841 3143 Lester‚’'
852 3063 978 3144 quaerit
986 3083 1029 3131 ex
1039 3083 1094 3131 me
1105 3061 1188 3131 dum
1198 3063 1285 3145 igni·

285 3165 401 3235 tabulo
417 3163 554 3232 infricto
569 3163 811 3231 convolvulum
827 3160 1064 3244 succendebat,
1086 3160 1190 3244 “quid
1213 3170 1287 3232 tan·

286 3266 362 3335 dem
380 3264 441 3333 tibi
457 3264 498 3332 de
513 3263 586 3331 istis
601 3262 740 3332 Francis
754 3261 932 3332 videturl'’

368 3380 509 3450 “Franci
525 3381 726 3449 universum
737 3386 819 3449 sunt
831 3379 984 3448 homines
995 3378 1104 3460 miri,”
1118 3380 1285 3463 respondi.

285 3482 359 3552 “Ne
373 3481 428 3551 vel
443 3502 534 3549 nunc
550 3480 688 3563 quidem
702 3480 808 3563 capio,
823 3480 882 3562 qui
897 3478 951 3549 hic
967 3485 1103 3549 tantum
1118 3480 1233 3550 sciat.”

385 3702 408 3751 1.
421 3696 554 3765 Apocbu,
570 3712 617 3749 -ae:
630 3698 714 3763 vulgo
740 3696 912 3763 quietantia
937 3695 1068 3761 (litterae),
1094 3696 1121 3749 b.
1139 3714 1171 3758 e..
1188 3698 1288 3763 quibua

287 3784 366 3835 fidem
380 3783 499 3834 facimus
511 3798 561 3833 nos
573 3781 692 3846 aliquam
707 3797 764 3833 rem
776 3782 830 3833 rite
842 3782 986 3847 accepisse.

385 3869 409 3919 2.
427 3866 595 3917 Vocabulum
609 3866 760 3916 Romanurn
775 3881 830 3917 non
843 3865 953 3929 quidem
967 3864 1143 3917 salutationis
1154 3865 1288 3927 formalia,

286 3951 327 4003 uti
340 3951 505 4002 Francorum
518 3949 569 4000 ‘'ad
581 3955 609 4000 tc
620 3949 825 4009 revidendum,”
850 3948 922 4015 quod
939 3948 1019 4000 valde
1036 3948 1160 4014 ineptum
1177 3956 1228 4009 est,
1241 3952 1287 4003 sed

286 4042 379 4086 tamen
394 4033 452 4084 lero
464 4032 557 4083 codem
572 4048 661 4091 scnsu,
677 4032 718 4084 uti
733 4032 790 4084 Cic.
808 4032 869 4084 niv.
888 4032 906 4091 l,
925 4033 965 4091 2³,
983 4032 1024 4091 47,
1045 4030 1243 4098 “Propbdicm
1260 4040 1289 4087 te

287 4118 407 4170 videbo.”
