3150 5468
354 1223 415 1294 172
612 1238 823 1294 ursruaruu
843 1238 953 1294 anca
967 1232 1093 1311 'noum

440 1404 551 1477 “Vera
565 1407 762 1489 memoras,''
778 1406 826 1477 ait
849 1405 1011 1490 Godtrey,
1035 1405 1119 1476 “nec
1144 1407 1208 1477 hoc
1232 1405 1358 1477 infitias

355 1506 397 1576 iri
421 1507 561 1590 patitur.
583 1505 617 1578 Si
642 1506 732 1576 enim
755 1507 791 1577 id
816 1507 859 1577 de
883 1507 1030 1577 Vantine
1053 1507 1156 1588 valet,
1171 1506 1214 1576 de
1228 1507 1359 1577 Drouet

355 1627 492 1689 quoque
507 1606 644 1676 valebit.
667 1605 829 1689 Sequitur
843 1606 922 1676 inde
937 1606 1090 1677 forulum
1116 1628 1137 1677 a
1159 1613 1282 1676 neutro
1304 1607 1360 1676 fu·

356 1705 422 1775 isse
436 1713 604 1789 apertum.
627 1707 673 1775 At
688 1706 771 1789 quid
786 1707 908 1776 tum?”

441 1806 606 1876 “Prorsus
620 1805 770 1888 ignoro?
792 1806 864 1877 sine
880 1829 939 1891 spe
954 1807 1121 1892 respondi.
1144 1806 1258 1878 “Nihil
1279 1807 1358 1877 inde

357 1907 452 1991 sequi
467 1906 636 1976 videtur.”

442 2006 524 2076 “Est
539 2006 641 2076 tertia
656 2028 711 2076 res
724 2006 759 2075 in
775 2008 916 2090 medio,”
932 2008 1088 2092 suggerit
1102 2007 1263 2092 Godtrey.

441 2106 630 2188 “Quaenam
645 2129 686 2176 ea
700 2115 752 2176 est
761 2107 798 2176 ?'’
813 2129 941 2190 quaero.

442 2205 586 2276 “Manus
601 2228 680 2288 quae
695 2206 825 2277 Drouet
840 2215 876 2277 et
893 2208 1039 2278 Vantine
1053 2209 1231 2291 occiderat,
1246 2207 1359 2292 potuit

356 2315 392 2378 et
406 2307 559 2377 torulum
574 2306 762 2389 claudere,”
778 2308 951 2391 respondit
962 2307 1123 2392 Godtrey,
1137 2309 1243 2379 oculis
1257 2309 1291 2378 in
1303 2330 1358 2378 me

357 2407 488 2477 levatis.

442 2507 507 2576 “Et
522 2506 653 2576 litteras
667 2513 781 2577 tamen
797 2507 842 2578 ibi
858 2508 994 2592 reliquit
1001 2508 1038 2578 Y'
1054 2529 1171 2592 quaero
1182 2530 1255 2592 ego.
1271 2507 1361 2578 “Ne-

360 2608 565 2692 quaquam.”

441 2707 577 2779 Auditis
591 2707 652 2790 his,
668 2709 804 2778 vultum
820 2709 863 2779 ad
877 2709 1064 2778 fenestram
1079 2709 1268 2779 tabulatam
1283 2730 1361 2778 con-

358 2808 473 2890 vertit,
488 2808 580 2877 unde
595 2809 744 2878 intellexi
759 2809 814 2879 cui
829 2831 888 2878 eas
901 2830 1024 2879 manus
1049 2809 1284 2879 attribuendas
1298 2830 1361 2893 pu·

358 2915 457 2978 taret.

443 3007 665 3090 “Praeterea’'
680 3009 769 3078 insto
784 3030 858 3092 ego,
883 3007 1053 3092 “quonam
1076 3008 1177 3078 modo
1200 3008 1271 3092 ipse
1292 3008 1360 3079 huc

360 3108 582 3192 penetraret?
604 3110 760 3188 Quonam
775 3109 876 3178 modo
891 3108 1077 3179 evaderet?
1098 3108 1269 3190 Quidnam
1290 3107 1362 3192 ipse

360 3208 545 3290 moliretur,
567 3208 594 3277 si
615 3208 746 3277 litteras
771 3230 838 3277 non
860 3207 1096 3278 sustulisset?”
1126 3208 1279 3278 Tandem
1302 3208 1361 3278 ad-

359 3308 500 3378 modum
528 3309 641 3377 fessus
670 3308 810 3377 surrexi.
833 3307 927 3377 “lam
952 3315 1089 3391 tempus
1111 3309 1194 3391 est,”
1209 3308 1360 3391 inquam

361 3406 423 3477 “ut
437 3407 481 3477 ad
496 3407 663 3476 officinam
678 3407 823 3477 redeam.
840 3408 948 3478 Hodie
969 3408 1041 3478 dies
1061 3407 1199 3478 Saturni
1214 3415 1276 3491 est,
1291 3406 1362 3477 offi-

360 3507 471 3577 cinam
486 3507 571 3577 hora
585 3506 734 3576 secunda
748 3507 947 3577 claudimus
969 3507 1137 3577 veniesne
1151 3528 1286 3577 mecum
1295 3506 1332 3576 ?”

444 3606 543 3676 “Non
558 3607 644 3688 ibo,'’
660 3607 848 3690 respondit;
863 3606 911 3676 “si
926 3629 987 3691 per
1000 3614 1036 3676 te
1050 3607 1137 3689 licet,
1148 3607 1362 3690 aliquantum

360 3706 495 3790 longius
508 3706 563 3775 hic
578 3706 744 3789 morabor,
759 3706 805 3775 mi
822 3707 951 3789 Lester,
966 3707 1029 3776 has
1043 3728 1098 3776 res
1112 3707 1203 3777 ultro
1226 3727 1362 3776 mecum

360 3813 592 3889 reputaturus.
615 3805 771 3876 Fortasse
786 3806 821 3874 in
836 3807 1017 3876 veritatem
1032 3827 1113 3876 casu
1129 3805 1278 3889 quodam
1292 3805 1362 3874 for·

361 3905 450 3975 tuito
464 3905 610 3975 incidam
620 3905 649 3973 l”

794 4109 937 4152 Ξ
