3128 5016
669 1874 821 1946 CAPUT
840 1874 970 1946 XXVII

527 2062 639 2129 Actus
653 2061 842 2129 Dramatis
861 2060 1025 2131 Ultimus.

363 2243 556 2312 Posrrunrs
585 2265 686 2313 mane
709 2242 919 2328 perdormivi
933 2251 979 2326 et,
1002 2243 1066 2313 hoc
1080 2242 1130 2313 ita
1144 2242 1280 2324 misere,

278 2351 318 2412 ut
334 2366 442 2426 usque
459 2366 498 2412 eo
514 2344 597 2412 dum
613 2345 727 2413 sedem
743 2344 778 2413 in
794 2352 907 2413 tractu
931 2344 1155 2414 subterraneo
1177 2342 1282 2427 cepis·

277 2466 358 2523 sem,
374 2444 483 2512 otium
498 2444 541 2512 ad
558 2444 796 2527 perlustranda
817 2444 923 2513 diaria
938 2452 1062 2513 nactus
1076 2465 1145 2513 non
1161 2464 1281 2513 essem.

279 2544 434 2612 Unciales
461 2546 610 2625 primum
638 2544 780 2627 quaesivi
796 2543 939 2625 litteras,
963 2544 1089 2627 quibus
1111 2544 1220 2613 relata
1240 2542 1283 2613 de

278 2645 373 2712 furto
388 2645 610 2713 adamantum
626 2645 909 2724 inscriberentur;
931 2644 990 2713 sed
1015 2665 1095 2713 mox
1118 2642 1284 2726 intellige·

279 2766 315 2813 re
341 2744 427 2826 coepi
453 2744 577 2812 diuma
604 2746 774 2813 matutina
801 2745 835 2813 id
860 2744 990 2813 referre
1011 2743 1105 2813 haud
1119 2743 1283 2827 potuisse,

278 2844 369 2925 quod
386 2852 531 2912 eventus
546 2845 605 2911 vix
621 2866 747 2926 paucas
762 2844 863 2913 horas
873 2852 955 2913 ante
965 2843 1110 2927 contigit
1123 2878 1166 2888 —
1181 2850 1218 2913 et
1232 2851 1283 2912 ta·

278 2966 356 3012 men
372 2966 485 3012 aevum
502 2945 729 3026 praterivisse
745 2944 886 3027 parebat
901 2966 944 3013 ex
969 2966 1038 3028 quo
1063 2942 1218 3027 Godtrey
1238 2942 1282 3013 ad

278 3067 332 3112 me
350 3044 532 3125 Gradyque
547 3046 703 3113 irruerat.
725 3043 779 3114 Sic
794 3045 910 3127 itaque
936 3066 992 3114 res
1016 3043 1160 3114 urbanae
1180 3042 1282 3113 modo

278 3145 376 3213 solito
406 3144 568 3225 fluebant,
595 3144 711 3213 incolis
737 3144 838 3213 beata
858 3144 991 3214 inscitia
1012 3152 1203 3213 eventuum
1218 3164 1282 3213 sua

277 3245 415 3325 negotia
431 3245 724 3326 prosequentibus,
740 3245 799 3327 qui
815 3246 928 3327 paullo
939 3252 1026 3328 post,
1039 3264 1103 3327 per
1111 3242 1283 3327 proximas

277 3345 442 3414 editiones
457 3345 704 3425 pomeridianas
719 3344 903 3426 evulgandi
916 3344 1050 3414 illorum
1060 3350 1196 3413 mentes
1204 3364 1282 3414 con·

277 3445 409 3514 cussuri
425 3454 547 3525 essent,
564 3454 598 3514 et
615 3445 740 3527 quibus
754 3445 935 3514 eventibus
955 3442 1196 3526 describendis,
1209 3443 1282 3515 illu·

278 3545 436 3625 strandis,
452 3554 486 3613 et
513 3545 720 3614 adornandis
745 3547 916 3626 relatores,
937 3544 1086 3614 artifices
1099 3543 1284 3629 photogra-

278 3646 403 3729 pbique
419 3645 489 3713 sine
512 3645 615 3713 dubio
641 3645 829 3714 etiamnum
853 3651 1050 3727 satagerent
1074 3651 1111 3714 et
1133 3644 1283 3715 elabora·

279 3756 364 3815 rent.
381 3746 500 3827 ltaque
516 3767 690 3813 amoenum
706 3745 789 3814 mihi
804 3745 952 3815 dimidiae
967 3744 1060 3815 horae
1074 3744 1225 3829 spatium
1237 3746 1282 3817 le·

278 3847 398 3929 gendis
412 3845 525 3913 relatis
541 3846 691 3927 Godirey
707 3845 924 3928 pollicitabar.

362 3946 452 4014 'lum
468 3948 606 4014 demum
621 3947 723 4014 etiam
739 3945 821 4013 mihi
838 3945 872 4014 in
888 3953 1040 4015 mentem
1054 3944 1281 4017 venitboram

278 4047 512 4117 duodecimam
528 4055 657 4115 statum
672 4046 769 4115 nobis
790 4054 927 4130 tempus
949 4044 1174 4117 conveniendi
1195 4068 1282 4133 esse,
