3128 5016
280 758 323 829 52
546 773 755 827 ursrunruu
777 772 885 826 uncle
905 764 1023 826 nomn

277 941 357 1012 dam
370 941 486 1025 adegit
511 976 552 987 -
578 941 669 1024 quod
695 939 832 1023 quidem
853 940 1021 1023 optimum
1035 961 1207 1024 quemuue
1222 961 1281 1009 uu

279 1049 391 1112 strum
405 1041 643 1112 confunderet.

363 1158 510 1228 Dimidia
524 1158 591 1228 ista
605 1159 688 1228 hora
702 1165 795 1228 certe
811 1163 886 1227 erat
901 1156 1032 1227 acerba
1059 1156 1205 1240 Hugbes
1224 1179 1283 1227 us·

281 1281 347 1342 que
363 1259 398 1328 in
412 1259 557 1342 grabato
574 1259 714 1329 sedebat
727 1258 881 1342 graviter
897 1258 1039 1341 spirans,
1055 1258 1161 1327 oculis
1184 1257 1220 1327 in
1232 1280 1283 1328 so·

280 1360 352 1429 lum
367 1359 452 1442 lixis,
467 1361 614 1429 fortasse
628 1359 800 1442 propriam
817 1357 985 1428 inscitiam
999 1357 1195 1440 meditatus,
1210 1359 1282 1427 for·

281 1466 372 1529 tasse
386 1459 498 1529 dubiis
511 1466 668 1542 vexatus,
683 1466 803 1529 utrum
818 1464 955 1528 rectene
968 1457 1136 1528 hactenus
1150 1479 1286 1540 semper

280 1580 324 1628 an
340 1581 519 1642 perperam
533 1559 597 1628 hoc
612 1560 667 1628 vel
681 1559 764 1628 illud
779 1558 880 1641 aegris
893 1557 1163 1641 praescripsisset.
1185 1557 1284 1642 Quod

280 1659 419 1742 quidem
433 1659 476 1728 ad
492 1681 547 1728 me
562 1659 697 1741 attinet,
713 1681 778 1742 ego
794 1658 836 1728 de
850 1658 958 1728 amico
969 1679 1045 1727 meo
1056 1665 1166 1728 morte
1174 1657 1286 1728 subla·

281 1766 318 1829 to
333 1759 532 1829 meditabar.
555 1759 720 1829 Memoria
734 1758 893 1828 tenebam
916 1758 1110 1841 Philippum
1125 1757 1286 1840 Vantine,

281 1867 322 1929 ut
336 1859 418 1928 mihi
434 1881 567 1942 semper
580 1858 649 1928 fuit
663 1858 820 1942 cognitus
839 1893 873 1903 -
885 1858 1000 1927 virum
1010 1879 1133 1941 nempe
1142 1879 1285 1940 comem,

282 1959 442 2042 lepidum,
458 1981 540 2028 vere
555 1959 798 2029 Christianum.
831 1957 1047 2041 Reputabam
1061 1979 1195 2027 mecum
1212 1980 1290 2028 sua·

282 2081 344 2129 ves
358 2060 433 2129 eius
456 2060 581 2142 oculos,
597 2066 638 2129 ut
652 2081 718 2141 me,
740 2057 844 2127 etiarn
869 2058 988 2141 paucis
1012 2058 1056 2127 ab
1080 2057 1160 2127 hinc
1184 2058 1288 2141 horis,

282 2158 389 2229 amice
415 2159 571 2229 contueri
599 2158 857 2240 consueverint;
886 2157 1006 2228 audire
1036 2157 1120 2227 mihi
1145 2157 1290 2228 videbar

283 2281 402 2329 vocem
417 2260 501 2341 eius,
518 2261 656 2342 palpare
681 2280 805 2328 manus
830 2258 914 2328 mihi
940 2265 1123 2342 porrectas.
1161 2259 1210 2329 Ut
1235 2260 1291 2329 vir

283 2367 402 2430 tantus
416 2366 452 2429 et
467 2360 544 2429 talis
560 2360 652 2428 hunc
677 2359 712 2427 in
738 2359 879 2428 modum
904 2358 1065 2442 interimi,
1090 2358 1188 2429 feriri
1203 2380 1225 2428 a
1239 2381 1290 2430 se·

283 2467 379 2530 creto
393 2459 524 2542 sicario,
538 2467 671 2528 armato
687 2459 755 2528 telo
770 2466 950 2528 venenato.

367 2575 509 2646 Mulier!
532 2576 629 2645 Mens
643 2597 720 2644 mea
745 2575 907 2644 continuo
922 2575 965 2645 ad
981 2575 1068 2645 hauc
1084 2597 1157 2645 rem
1174 2597 1291 2646 recur-

284 2675 339 2744 rit.
361 2675 504 2745 Mulier!
525 2675 705 2746 Venenum
722 2696 856 2757 semper
870 2675 1053 2744 mulierum
1074 2675 1145 2745 fuit
1169 2676 1289 2746 telum.

284 2774 350 2845 Sed
366 2797 526 2858 quaenam
540 2775 596 2844 illa
610 2777 626 2846 ‘l
652 2775 698 2844 Et
712 2775 771 2857 qui
786 2774 920 2844 evasit?
956 2774 1104 2844 Ubinam
1126 2775 1291 2846 delituit?

285 2875 443 2958 Quonam
458 2874 560 2944 modo
575 2875 684 2944 valuit
699 2881 771 2943 tam
785 2881 944 2943 accurate
959 2874 1093 2945 ferire?
1129 2875 1179 2945 Ac
1205 2897 1292 2958 pree·

285 2974 403 3057 primis
416 2995 602 3057 quamnam
617 2973 661 3042 ob
677 2995 749 3042 rem
765 2973 958 3056 Philippum
973 2973 1122 3044 Vantine
1138 2996 1210 3058 prae
1221 2998 1293 3045 cm·

284 3075 386 3143 nibus
400 3095 497 3144 suam
512 3074 687 3143 victimam
713 3073 873 3155 selegerit
896 3107 938 3119 -
964 3073 1159 3157 Philippum
1173 3074 1294 3144 Vanti-

284 3196 338 3255 ne,
349 3173 408 3256 qui
424 3175 553 3243 nullam
568 3195 720 3256 unquam
732 3173 910 3242 mulierem
920 3173 1147 3256 vilipenderat
1163 3209 1203 3219 -
1214 3182 1293 3245 tum

285 3295 429 3357 pausam
445 3273 522 3343 feci.
545 3272 707 3355 Perspexi
722 3271 814 3341 enim
830 3293 885 3342 me
901 3294 1032 3353 revera,
1058 3281 1292 3357 praeterquam

286 3373 378 3457 quod
394 3373 456 3457 ipsi
471 3373 599 3457 placuit
614 3372 695 3441 mihi
711 3371 902 3453 enuntiare,
916 3371 958 3441 de
973 3372 1122 3442 Vantine
1136 3373 1221 3444 nihil
1232 3397 1294 3445 no·

285 3473 330 3542 vi.
353 3472 461 3542 Parlrs
475 3472 567 3542 sciet.
589 3472 680 3541 'llnn
696 3471 821 3540 iterum
846 3471 987 3554 cogitati
1003 3493 1058 3542 me
1073 3472 1204 3555 pudere
1225 3497 1293 3544 coe·

286 3573 346 3656 pit.
368 3572 462 3642 Num
478 3571 561 3640 illud
576 3577 746 3640 secretum
760 3569 857 3639 nobis
872 3569 1063 3641 eruendum
1078 3571 1168 3641 erit?
1195 3574 1292 3644 Num

286 3673 341 3742 ille
356 3671 400 3742 ad
415 3670 628 3754 prodendum
643 3691 745 3739 suum
760 3668 883 3739 herum
899 3669 1090 3753 adigendus
1105 3671 1193 3743 erit?

372 3804 499 3874 Vultus
513 3823 611 3873 meus
624 3800 747 3871 rubore
770 3800 948 3884 flagrabat
984 3802 1090 3873 Nullo
1115 3811 1236 3887 pacto:
1258 3805 1294 3878 id

287 3926 356 3976 non
370 3902 592 3974 faciemus-
607 3901 641 3971 id
657 3900 893 3983 turpissimum
910 3908 1009 3971 esset

371 4033 515 4106 Furibus
528 4031 656 4116 apertis
670 4032 821 4115 Godfrey
836 4031 997 4103 intrabat.
1019 4033 1122 4105 Nunc
1136 4034 1206 4107 iarn
1220 4058 1292 4109 non
