3128 5016
604 778 781 832 caui-arra
1152 764 1194 835 79

276 944 433 1028 “Aliquid
447 945 592 1028 idgenus
613 947 776 1028 lactum,”
800 947 882 1016 mite
892 947 999 1016 refert
1022 948 1192 1031 Godfrey;

193 1044 252 1114 “at
267 1046 334 1115 noli
350 1046 441 1128 angi.
464 1047 544 1115 Mox
559 1047 646 1116 bene
662 1053 697 1116 te
713 1047 885 1117 habebis.”

277 1161 468 1246 “Quidnam
482 1185 536 1232 me
551 1185 592 1233 eo
607 1164 741 1246 impulit
750 1164 786 1233 ?'’
799 1165 922 1247 quaerit
932 1166 1062 1248 Rogers
1073 1165 1191 1235 eodem

192 1270 333 1345 stupore
349 1285 428 1332 eum
444 1264 599 1334 intuitus.
612 1265 701 1333 Tum
717 1266 836 1333 vultus
849 1267 923 1334 eius
938 1266 972 1334 in
983 1287 1193 1349 purpureum

192 1384 315 1432 versus
330 1371 392 1445 est,
408 1371 443 1433 et
458 1386 537 1433 eum
553 1365 679 1433 iterum
706 1365 919 1447 relapsurum
945 1366 1075 1448 putavi.
1112 1366 1194 1435 Post

192 1483 302 1544 pauca
317 1471 432 1532 tamen
463 1472 636 1533 momenta
661 1465 867 1534 halitationis
890 1465 1027 1548 quietus
1052 1465 1193 1535 iacebat.

192 1562 316 1632 “Nunc
331 1565 500 1646 memini,”
516 1565 635 1647 inquit,
658 1564 750 1634 “sine
765 1574 805 1634 ut
821 1565 967 1648 effigiem
978 1588 1053 1635 eam
1068 1567 1193 1635 iterum

192 1665 388 1733 contuear.”

278 1781 417 1850 Porrexi
431 1782 487 1850 illi.
509 1782 633 1850 Manus
656 1783 730 1851 eius
744 1783 792 1851 ita
806 1783 1008 1864 tremebant,
1024 1791 1064 1851 ut
1075 1790 1111 1852 et
1125 1782 1194 1851 effi·

192 1879 284 1963 giem
300 1883 358 1949 vix
374 1889 489 1950 tenere
506 1889 628 1965 posset,
643 1883 713 1952 vidi
728 1891 843 1951 tamen
855 1883 897 1951 ad
909 1905 945 1951 se
957 1882 1193 1952 sustinendum

192 1981 352 2050 omnibus
367 1981 498 2051 viribus
512 2004 592 2051 eum
608 1983 740 2052 enisum
755 1983 872 2064 luisse,
888 1983 986 2065 proin
1013 2005 1088 2052 eam
1112 1984 1194 2052 satis

194 2103 354 2164 prospero
370 2090 496 2152 eventu
512 2083 554 2151 ad
572 2083 686 2151 oeulos
700 2083 838 2164 levavit,
853 2104 892 2151 ac
910 2083 981 2152 sine
1007 2090 1104 2152 motu
1126 2082 1195 2152 ani-

193 2183 241 2250 mi
256 2182 397 2264 aspexit.

279 2281 479 2351 “Novistine
491 2283 611 2351 eaml”
634 2283 758 2366 quaerit
773 2283 933 2365 Godfrey.

279 2382 408 2464 Rogers
422 2405 554 2452 summo
570 2405 645 2452 meo
660 2391 799 2466 stupore
815 2390 904 2452 nutu
914 2382 1032 2465 capitis
1043 2383 1193 2465 negavit.

279 2481 488 2565 “Nunquam
505 2506 580 2552 eam
596 2483 739 2552 antehac
753 2483 854 2564 vidi,'’
870 2483 994 2552 mutiit.
1021 2481 1194 2552 “Primum

195 2604 303 2664 quum
318 2582 464 2665 effigiem
480 2584 595 2666 aspexi
617 2584 751 2652 novisse
766 2605 821 2652 me
837 2605 912 2652 eam
928 2583 1136 2665 existimavi;
1158 2591 1195 2652 at

193 2682 266 2752 haec
280 2705 348 2751 non
362 2683 481 2753 eadem
496 2684 617 2753 mulier
632 2684 714 2753 est.'’

279 2799 393 2870 “Num
409 2808 448 2869 tu
464 2823 585 2870 revera
600 2822 795 2870 asseverare
816 2800 898 2882 vis‚”
922 2801 1047 2870 acriter
1071 2801 1196 2883 quaerit

196 2900 356 2983 Godfrey,
373 2901 494 2970 “istam
511 2923 578 2969 non
594 2901 736 2969 eandem
751 2923 823 2970 esse
848 2902 1024 2970 mulierem
1040 2923 1118 2984 quae
1132 2902 1195 2970 hac

195 3023 337 3084 vespera
354 3001 474 3069 herum
490 3001 637 3070 Vantine
653 3001 765 3070 visum
780 3002 965 3071 venerat?’'

279 3101 409 3183 Rogers
423 3101 549 3169 iterum
564 3109 653 3169 nutu
669 3101 819 3183 negavit.

279 3217 442 3287 “Minime
457 3219 625 3299 omnino‚'’
643 3218 837 3287 obtestatur
852 3218 924 3299 ille;
951 3217 1044 3287 “haec
1070 3240 1196 3300 nequa-

195 3339 298 3400 quam
314 3319 432 3387 eadem
447 3318 569 3387 mulier
585 3325 645 3386 est.
670 3319 738 3386 Ista
754 3318 844 3386 enim
860 3326 962 3387 aetate
977 3318 1088 3386 minor
1112 3319 1194 3386 est.”

280 3435 429 3518 Godfrey
444 3436 526 3504 nihil
543 3435 735 3517 respondit;
761 3435 819 3504 sed
844 3435 995 3504 consedit
1019 3436 1192 3516 oculisque

194 3536 464 3619 prosequebatur
479 3536 617 3618 Rogers,
633 3536 716 3604 dum
733 3536 785 3604 hic
802 3536 914 3604 iacens
942 3535 1091 3617 effigiem
1122 3557 1196 3616 spe·

196 3636 324 3717 etabat,
340 3658 446 3718 quum
462 3636 597 3705 interim
613 3636 768 3704 vultusei
783 3637 974 3705 mollescere
988 3634 1089 3717 coepit
1102 3635 1198 3716 quasi

195 3745 324 3805 tenerae
338 3736 516 3805 cuiusdam
532 3737 705 3804 memoriae
721 3737 852 3804 afflatu.

285 3853 475 3936 “Agedum,
491 3854 652 3936 Rogers,”
669 3853 814 3935 denique
826 3852 988 3921 hortabar
1001 3874 1091 3921 eum.
1103 3850 1196 3921 “Sat-

195 3955 249 4023 ius
263 3953 324 4022 tibi
339 3954 404 4022 erit
415 3961 538 4023 cuneta
554 3976 633 4036 quae
648 3953 712 4023 scis
727 3953 878 4036 prodere.
889 3952 922 4022 Si
932 3953 997 4021 ista
1007 3952 1129 4021 muller
1144 3975 1197 4021 ea·

195 4054 273 4122 dem
287 4062 349 4136 est,
364 4054 505 4123 fatere.’'
