3150 5468
320 1229 383 1300 140
581 1243 792 1300 ursrumuu
812 1245 920 1300 Aaou
941 1237 1061 1299 noum

317 1412 494 1483 historiam
509 1412 597 1482 hanc
611 1435 666 1484 me
687 1414 877 1484 attentione
900 1414 1005 1485 etiam
1028 1417 1235 1496 augescente
1260 1432 1320 1481 au·

319 1513 493 1584 scultasse.

402 1612 637 1697 “Stipendium
652 1613 802 1698 principe
818 1615 962 1699 dignum
977 1615 1061 1697 est,”
1083 1612 1248 1698 pergebat
1262 1611 1321 1682 he-

318 1736 378 1784 rus
392 1713 626 1796 Homblower‚
643 1714 699 1784 “at
714 1715 797 1785 hero
812 1715 843 1784 X
867 1715 901 1785 id
928 1735 1146 1798 nequaquam
1171 1712 1318 1782 suffecit

316 1814 460 1884 Nullum
475 1815 682 1898 stipendium
697 1815 867 1886 sufficeret
888 1837 1007 1898 -quo
1016 1815 1179 1885 maiorem
1191 1814 1319 1896 aocipe·

318 1923 371 1985 ret
379 1915 738 1998 pecuniameoplures
746 1915 1057 1985 comminisceretur
1065 1914 1183 1984 modos
1191 1913 1319 1984 adeam

316 2015 585 2098 disperdendam.
602 2016 733 2099 ltaque,
745 2016 884 2085 tandem
899 2017 960 2085 fur
974 2016 1093 2085 evasit.
1105 2015 1155 2084 Eo
1170 2013 1318 2096 denique

316 2115 455 2186 devenit
463 2123 504 2185 ut
513 2116 677 2199 producta
686 2117 779 2200 artis,
787 2117 961 2198 venderet,
977 2115 1102 2200 quibus
1109 2137 1182 2185 suae
1196 2114 1319 2185 domus

316 2214 474 2298 affluunt,
490 2237 568 2299 quae
583 2215 721 2298 quidem
737 2238 855 2300 reapse
876 2237 963 2286 meae
985 2223 1067 2285 sunt
1092 2213 1233 2297 clientis,
1248 2235 1319 2284 em·

316 2323 377 2397 pta
401 2315 493 2385 enim
518 2316 592 2385 eius
617 2317 762 2400 pecunia
787 2317 941 2386 fuerunt.
973 2317 1066 2386 Binis
1090 2315 1224 2385 circiter
1238 2320 1319 2384 ante

315 2415 513 2499 septimanis
526 2416 630 2486 cliens
644 2439 730 2499 mea,
747 2425 823 2500 post
838 2417 1053 2500 aliquantum
1068 2437 1175 2485 morae
1200 2415 1236 2484 in
1262 2435 1317 2484 oa·

314 2517 411 2587 stello
426 2537 488 2586 suo
502 2517 538 2586 in
553 2517 764 2588 Normandia
778 2539 926 2600 reversa,
949 2539 1029 2588 suas
1051 2517 1202 2588 urbanas
1226 2515 1317 2587 ardes

314 2637 419 2701 prope
434 2616 626 2687 denudatas
640 2618 775 2701 reperit.
796 2618 947 2701 rapere,
963 2617 1091 2688 tabulae
1116 2617 1227 2701 prete,
1249 2623 1317 2686 sta·

313 2723 386 2786 tuae
399 2717 569 2787 -omnia
584 2717 759 2787 divendita
774 2725 883 2787 erant.
915 2718 1009 2787 lnter
1032 2740 1087 2788 res
1107 2726 1251 2788 ceteras
1271 2716 1315 2787 ab

313 2838 354 2887 eo
369 2817 520 2901 direptas
534 2817 603 2886 ruit
618 2839 697 2887 arca
713 2818 829 2900 Boule,
844 2839 913 2901 qua
926 2818 1031 2887 cliens
1044 2839 1121 2887 mea
1132 2818 1228 2887 velut
1237 2816 1316 2887 scri·

312 2917 424 3000 ptoria
439 2919 491 2987 uti
507 2918 694 2987 consuevit.
727 2918 817 2987 Arca
841 2926 915 2987 erat
941 2917 1201 3001 pretiosissima;
1227 2924 1315 2987 atta·

314 3039 394 3087 men
408 3039 477 3087 non
492 3018 589 3087 valor
611 3018 827 3101 pecuniarius
840 3039 952 3087 meam
976 3017 1134 3088 clientem
1157 3017 1316 3088 sollicitu-

313 3116 392 3186 dine
406 3117 513 3200 angit,
528 3125 563 3187 et
578 3117 622 3187 ad
637 3139 713 3187 eam
728 3117 996 3201 recuperandam
1011 3118 1145 3202 urget”

395 3217 459 3287 Hic
474 3218 645 3301 paulisper
660 3217 833 3300 conticuit
848 3217 1085 3301 clarandaeque
1110 3217 1186 3288 voci
1200 3217 1315 3287 stude·

311 3317 380 3400 bat,
395 3317 487 3389 unde
502 3318 606 3402 probe
621 3318 771 3388 intellexi
786 3318 1059 3388 delicatissimam
1075 3318 1225 3388 historiae
1240 3339 1313 3388 sure

310 3425 444 3502 partem
459 3441 540 3488 eum
554 3418 718 3502 attigisse.

394 3517 528 3589 “Herus
553 3518 593 3601 X,
622 3540 752 3588 memor
781 3519 911 3589 decoris
939 3518 1149 3602 dumtaxat?
1176 3519 1312 3590 tractim

310 3619 540 3703 prosequitur,
556 3617 617 3688 “ut
632 3620 752 3688 saltem
767 3619 839 3702 ipse
854 3619 917 3689 sibi
942 3627 1168 3703 persuaserat,
1182 3619 1314 3690 consili-

310 3741 370 3788 um
384 3721 474 3802 cepit
489 3719 709 3802 epistolarum
725 3741 799 3789 suae
813 3720 930 3789 uxoris
945 3719 1203 3790 servandarum.
1239 3719 1312 3790 Hoc

310 3819 494 3903 propositio
519 3825 683 3888 contenta
705 3820 897 3889 forulorum
928 3820 963 3889 in
993 3821 1110 3890 sellam
1127 3820 1312 3904 quamdam

310 3919 471 4003 profundi
486 3919 593 3988 iussit.
630 3919 714 3988 Erat
735 3928 850 3989 tamen
874 3919 920 3990 ibi
945 3921 1081 3990 forulus
1095 3921 1158 4004 ipsi
1172 3942 1312 4005 prorsus

312 4020 510 4104 ignotus-
525 4020 661 4089 forulus
675 4021 840 4102 occultus,
854 4021 969 4091 clienti
984 4028 1123 4091 tantum
1149 4042 1236 4091 mere
1257 4043 1312 4093 co·

310 4120 438 4204 gnitus.
461 4119 529 4188 Iste
544 4120 679 4189 forulus
704 4121 918 4203 manipulum
941 4121 1134 4192 occultabat
1156 4121 1312 4205 epistola·

310 4241 388 4290 rum
402 4220 535 4289 clientis
549 4241 645 4301 meae,
660 4241 746 4302 quas
760 4220 833 4303 ipsa
858 4242 993 4290 summa
1017 4221 1239 4292 sollicitudine
1261 4243 1312 4292 re·

309 4341 474 4404 cuperare
488 4326 642 4389 conatur.
666 4319 716 4388 De
731 4320 843 4390 indole
859 4320 981 4390 harum
1007 4321 1090 4390 nihil
1115 4320 1312 4393 memorabo

309 4441 441 4503 -ego,
456 4420 620 4503 profecto,
636 4420 695 4489 vix
709 4419 896 4503 quidquam
912 4421 955 4492 de
976 4421 1018 4490 iis
1040 4421 1118 4505 scio,
1141 4421 1310 4506 siquidem

310 4542 431 4592 revera
455 4541 518 4591 nec
542 4519 585 4590 ad
609 4541 682 4590 rem
707 4541 819 4591 meam
841 4521 985 4592 faciunt.
1018 4521 1096 4606 Ipsa
1122 4529 1239 4594 tamen
1254 4543 1310 4594 me
