3128 5016
531 837 627 891 uano
649 838 754 891 eruor
776 839 916 893 osuiu
939 839 1028 893 uuus
1216 820 1279 892 253

279 1010 332 1070 tor
347 1026 430 1072 suus
444 1005 568 1087 aliquid
585 1005 619 1073 in
635 1028 752 1074 aurem
768 1007 840 1075 eius
862 1008 1052 1077 susurravit
1061 1030 1069 1088 ;
1092 1015 1167 1077 tum
1191 1013 1279 1077 nutu

279 1126 435 1173 assensus
459 1105 493 1172 in
510 1106 696 1187 proximam
713 1129 833 1188 ageam
849 1108 1005 1179 diversus
1018 1116 1080 1191 est,
1096 1108 1280 1179 salutatore

278 1205 472 1274 comitante.

364 1322 572 1404 “Negotium
589 1324 783 1405 officiosum,
799 1325 871 1394 sine
886 1325 1020 1406 dubio‚”
1036 1326 1282 1408 interpretatur

280 1423 428 1503 aerarius,
457 1425 515 1504 qui
541 1426 742 1493 eventulum
773 1426 875 1494 etiam
902 1425 1113 1494 observabat.
1147 1423 1282 1496 “Herus

280 1523 379 1604 Pigot
395 1546 436 1591 ex
453 1524 588 1605 optimis
603 1532 730 1593 nostrae
745 1525 890 1593 decuriae
906 1525 1062 1594 lictorum
1077 1533 1139 1606 est,
1154 1533 1190 1595 et
1205 1547 1282 1594 con·

280 1623 506 1691 versationem
520 1646 598 1692 cum
614 1647 654 1693 eo
669 1625 947 1693 iucundissimum
963 1626 1157 1707 comperies.
1180 1626 1281 1694 Haud

280 1723 422 1791 dubium
439 1725 521 1805 quin
537 1725 683 1806 negotiis
699 1747 778 1793 mox
794 1727 926 1794 solutus
942 1727 1113 1807 prodeat.'’

365 1840 494 1908 “Credo
509 1842 657 1923 quidem,
674 1842 737 1910 nisi
753 1843 843 1923 quod
859 1843 989 1911 interea
1004 1842 1190 1925 dignissimi
1202 1865 1282 1926 quo

281 1963 347 2021 quc
363 1942 476 2009 aemuli
493 1942 560 2009 mci
576 1943 731 2010 adfuturi
748 1943 846 2023 sint,”
869 1943 1042 2025 respondit
1058 1943 1210 2026 Godfrey
1225 1966 1282 2025 go

280 2041 470 2210 Mididi&
494 2042 557 2110 “Hi
574 2043 720 2124 vestigia
735 2065 811 2111 mea
836 2051 1050 2125 premunt-
1067 2043 1280 2126 quinetiam

364 2258 498 2327 Vicenis
514 2259 646 2327 circiter
662 2260 802 2328 minutis
817 2259 977 2341 proximis
999 2260 1160 2329 relatores
1183 2267 1282 2328 caetc-

283 2380 396 2426 rorum
414 2358 614 2426 diumomm
630 2382 697 2427 non
713 2368 888 2428 cessarunt
900 2360 1050 2441 affluere,
1065 2367 1100 2428 et
1116 2381 1195 2428 mox
1210 2366 1283 2427 tota

281 2481 399 2526 eorum
415 2460 516 2527 turba
532 2460 699 2527 officinam
716 2459 825 2527 aerarii
841 2459 1071 2528 circumfudit.
1095 2460 1183 2527 Nam
1207 2461 1282 2527 fere

281 2559 325 2625 ab
340 2559 498 2626 omnibus
514 2560 643 2627 diurnis
657 2560 778 2640 aliquis
793 2559 945 2640 specialis
961 2560 1086 2627 relator
1111 2559 1153 2627 ad
1181 2559 1283 2627 inter-

283 2659 459 2726 viscndum
485 2659 607 2727 herum
635 2660 735 2740 Pigot
765 2660 917 2727 delectus
943 2667 1026 2727 erat.
1060 2659 1281 2728 Manifestum

281 2760 372 2827 enim
399 2760 540 2841 parebat
566 2768 689 2828 cuncta
715 2760 837 2827 diurna
862 2759 952 2828 hunc
978 2767 1143 2828 eventum
1159 2759 1283 2828 summi

282 2860 412 2928 secisse.
450 2861 589 2927 interim
617 2860 688 2928 ioca
715 2860 803 2927 bono
829 2860 942 2927 animo
964 2859 1188 2939 iactabantur,
1205 2859 1282 2928 dein

282 2961 403 3041 aliquis
419 2960 697 3028 mediastinorum
713 2960 856 3041 pecunia
871 2959 1155 3041 corrumpebatur
1168 2960 1211 3028 ad
1226 2982 1284 3028 no

282 3061 518 3128 menclatorias
542 3068 714 3142 congestae
736 3059 848 3128 turbae
873 3060 915 3127 ad
938 3059 1059 3128 herum
1078 3060 1177 3141 Pigot
1192 3060 1286 3128 defc-

284 3161 414 3242 rendas,
430 3169 465 3229 et
481 3162 732 3229 exauditionem
749 3167 913 3242 petentes.

367 3279 590 3348 Mediastinus
606 3279 719 3346 ridens
734 3278 894 3359 discessit,
911 3300 989 3345 mox
1001 3284 1115 3346 tamen
1128 3299 1285 3346 reversus

283 3379 465 3447 nuntiabat
481 3379 602 3446 herum
619 3380 718 3460 Pigot
735 3379 850 3461 paucis
873 3378 1015 3447 minutis
1029 3377 1072 3446 ad
1088 3400 1145 3447 cos
1159 3379 1283 3460 excipi·

284 3480 388 3548 endos
404 3486 561 3562 paratum
578 3481 662 3548 fore.
686 3479 750 3548 Sed
767 3501 874 3560 quum
891 3479 1042 3561 quinque
1054 3479 1186 3547 minuta
1202 3501 1285 3561 prae

284 3581 488 3660 tenuissent,
504 3602 565 3648 nec
582 3581 651 3662 ipsc
665 3580 933 3661 comparuisssct,
950 3579 984 3648 hi
1000 3579 1215 3661 impatientes
1226 3580 1286 3648 ite·

285 3705 360 3749 rum
376 3682 580 3750 tumultuari
595 3688 783 3761 coeperunt.
807 3681 864 3748 Isti
888 3681 977 3748 enim
1002 3680 1109 3762 reguli
1136 3680 1220 3763 preli
1241 3680 1284 3748 ad

284 3781 550 3863 exspectandum
567 3781 675 3848 invito
690 3780 814 3848 assueti
831 3802 898 3848 non
914 3787 1004 3848 sunt.

369 3899 522 3967 “Suadeo
537 3906 577 3967 ut
593 3897 627 3966 in
642 3903 754 3966 castra
780 3896 853 3965 eius
876 3896 1025 3979 impetus
1048 3896 1138 3977 fiat,”
1161 3897 1285 3966 relator

286 4001 416 4069 Mundi
432 3998 521 4068 dicit.

370 4117 496 4186 Eodem
512 4118 586 4185 fere
603 4123 756 4198 tempore
778 4114 848 4198 ipsc
874 4115 977 4185 herus
1003 4114 1103 4197 Pigot
1128 4136 1286 4197 egressus
