3128 5016
580 811 718 865 nonnus
739 811 982 865 parcamque
1238 794 1280 863 73

363 981 489 1049 Doctor
504 979 649 1062 Hughes
664 979 707 1048 ad
723 1001 833 1062 pauca
848 978 990 1048 dicenda
1004 977 1249 1061 superstitavit

364 1079 500 1150 “Satius
515 1080 580 1149 erit
606 1079 841 1148 libitinariuml
872 1079 1052 1148 confestim
1082 1079 1280 1161 advocare,’'

281 1181 404 1265 inquit,
420 1179 557 1250 “ratum
572 1202 641 1249 non
657 1187 710 1249 est
724 1202 797 1249 rem
812 1180 870 1249 diu
886 1179 1057 1248 differre.'’

362 1298 485 1368 Statim
500 1297 650 1366 intellexi
666 1319 734 1379 quo
750 1298 822 1366 haec
838 1298 1001 1366 facerent.
1018 1297 1090 1365 Iam
1101 1296 1191 1366 enim
1206 1298 1280 1366 vul·

279 1407 338 1469 tus
352 1399 504 1468 maculas
515 1397 686 1467 decolores
701 1419 740 1466 ac
756 1397 867 1466 foedas
881 1397 1041 1466 exhibere
1055 1397 1167 1480 coepit.

365 1497 421 1568 “si
435 1499 485 1567 ita
511 1498 634 1567 libeat”
659 1497 780 1580 inquit,
805 1495 891 1580 “ego
915 1497 978 1566 sub
996 1497 1116 1566 itinere
1140 1497 1279 1567 domum

281 1599 349 1669 huc
364 1620 445 1668 eum
460 1598 597 1668 mittere
619 1598 769 1681 potero.’'
789 1598 855 1666 Pro
878 1597 944 1666 ista
967 1597 1040 1667 eius
1063 1597 1279 1668 humanitate

279 1700 310 1770 ei
325 1699 455 1782 gratias
469 1698 534 1781 egi.

363 1815 458 1885 Ostio
472 1821 549 1898 post
564 1836 645 1885 eum
660 1816 775 1884 clauso
790 1814 939 1884 sonitum
964 1814 1090 1897 pedum
1115 1814 1151 1883 in
1170 1815 1283 1897 gradi·

280 1915 343 1985 bus
357 1915 483 1997 audivi,
499 1915 726 1998 conspexique
742 1915 893 1996 Godfrey
909 1936 1009 1996 aequo
1025 1914 1137 1983 animo
1147 1914 1282 1984 descen·

214 2084 217 2089 ,
279 2015 427 2085 dentem.

363 2115 498 2185 “Pauca
513 2123 594 2185 ante
605 2116 739 2185 minuta
751 2115 818 2184 huc
834 2115 992 2196 intravi,’'
1016 2116 1114 2184 fatur
1129 2114 1281 2198 Godfrey

279 2215 313 2285 in
329 2216 598 2299 explicationem,
614 2238 722 2299 quum
737 2239 793 2285 me
808 2217 990 2285 mirantem
1006 2215 1191 2299 conspexit,
1206 2214 1277 2284 “at-

283 2338 350 2399 que
371 2317 407 2384 in
422 2316 525 2385 diaeta
550 2317 783 2399 circumspexi.
807 2317 857 2385 Ibi
880 2315 964 2385 nihil
980 2323 1041 2385 est.
1069 2316 1180 2399 Quam
1196 2316 1279 2385 scite

279 2415 531 2486 administravit
547 2439 602 2486 res
616 2424 732 2485 noster
749 2416 900 2499 Grady?”

364 2532 473 2603 “Satis
487 2533 587 2615 scite;
609 2533 667 2603 sed
694 2533 721 2602 si
749 2533 936 2616 quidquam
962 2533 1138 2616 divinavit,
1165 2534 1284 2602 vultus

280 2633 353 2704 eius
367 2640 459 2702 certe
474 2656 542 2703 non
557 2634 736 2716 prodidit.”

364 2749 510 2820 “Vultus
532 2751 606 2820 eius
620 2773 797 2834 nunquam
828 2751 1015 2834 quidquam
1048 2750 1170 2833 prodit,
1201 2749 1283 2832 quia

281 2850 373 2934 quod
402 2850 525 2933 prodat
549 2851 653 2920 habet
679 2851 771 2920 nihil.
809 2851 909 2920 Hunc
935 2851 1128 2920 contuitum
1154 2849 1284 2932 Sibylli-

280 2973 365 3020 num
389 2951 448 3019 diu
474 2951 637 3033 exercuit,
659 2974 769 3034 usque
794 2951 878 3020 dum
904 2953 1029 3033 vulgus
1052 2951 1177 3020 mirum
1203 2971 1283 3018 eum

281 3051 455 3120 iudicaret.
478 3050 611 3120 Revera
626 3059 742 3120 tamen
757 3052 828 3134 ipse
844 3051 950 3120 bucco
966 3050 1093 3120 bardus
1108 3057 1143 3118 et
1157 3049 1284 3119 inscius

280 3151 364 3220 est„

364 3267 424 3349 ⁴⁴0,
440 3275 490 3349 tu,
505 3267 666 3350 Godfrey,
692 3269 864 3351 nugaris,'’
887 3267 1091 3348 obtestabar,
1118 3265 1178 3336 “tu
1203 3288 1283 3335 eum

280 3368 490 3451 praeiudicas.
512 3368 589 3450 Ipse
604 3376 696 3437 certe
711 3369 755 3437 ad
781 3390 897 3437 rerum
924 3369 1053 3437 radices
1078 3367 1283 3450 penetravit.

281 3469 367 3550 nge,
382 3468 489 3536 scisne
504 3468 657 3537 fabulam
673 3468 847 3551 Rogers?”

364 3567 435 3636 “De
450 3567 506 3636 illa
521 3567 689 3637 muliere?
710 3568 879 3637 Profecto.
892 3568 1022 3650 Rogers
1036 3566 1118 3635 mihi
1134 3587 1209 3635 eam
1225 3588 1284 3635 an-

281 3675 316 3737 te
331 3667 519 3737 adventum
535 3667 649 3750 Grady
665 3669 812 3737 retulit.”

365 3783 445 3866 “Te,
460 3785 593 3867 Hercle,
608 3786 741 3854 nullum
756 3785 906 3855 amisisse
917 3792 1054 3867 tempus
1068 3785 1183 3868 puto,’'
1194 3785 1285 3854 iocor

282 3905 361 3953 cum
376 3906 427 3953 eo.

384 4103 408 4154 l.
425 4101 512 4155 Cuius
526 4103 669 4168 negotium
683 4109 725 4156 est
739 4109 861 4157 mortuos
874 4103 997 4169 sepelire.
