3128 5016
626 798 937 854 suenumnnncn
1216 784 1278 853 271

279 967 337 1049 qui
347 967 419 1036 haec
430 969 542 1037 omnia
558 990 722 1050 perquam
736 968 915 1050 impatiens
929 969 1069 1038 auribus
1083 969 1280 1051 excipiebat,

279 1069 369 1149 quod
384 1069 468 1137 adeo
484 1069 730 1137 adversabatur
754 1069 904 1151 probatis
927 1069 1079 1138 moribus
1099 1077 1203 1152 atque
1230 1076 1281 1138 at·

280 1169 432 1249 tentioni,
449 1191 517 1250 qua
533 1191 598 1250 ego
615 1170 842 1237 narrationem
860 1170 1098 1251 prosequebar.

363 1269 452 1337 Nam
467 1292 531 1350 ego
545 1269 792 1338 conclusionem
815 1269 881 1338 iam
905 1269 1095 1351 praesagivi,
1122 1276 1156 1338 et
1182 1290 1280 1337 venae

279 1391 365 1438 mcae
380 1369 483 1437 animi
498 1369 721 1438 concitatione
738 1369 929 1451 pulsabant.

363 1467 577 1538 “Secundum
589 1476 740 1537 nostram
756 1469 872 1551 itaque
888 1469 1085 1549 theoriam,”
1108 1469 1281 1551 respondit

279 1569 383 1637 herus
399 1568 508 1650 Pigot,
525 1568 607 1650 quin
621 1568 809 1636 orationem
837 1570 891 1637 vel
914 1568 1091 1636 minimum
1118 1569 1280 1637 accelera·

280 1676 341 1749 ret,
369 1667 468 1737 “arca
484 1669 555 1737 haec
570 1668 769 1737 adamantes
784 1668 1042 1737 Michaelovitch
1052 1670 1148 1737 celat.
1158 1668 1280 1737 Omnia

280 1768 342 1836 hoc
358 1768 504 1837 suadent
519 1775 554 1836 et
568 1789 648 1836 mox
669 1768 945 1850 comperiemus.”

363 1868 479 1950 Usque
509 1867 676 1936 disserens
699 1889 718 1935 e
743 1868 875 1936 sacculo
901 1867 1094 1936 manutium
1121 1867 1280 1949 produxit

279 1967 503 2049 chalybeium,
519 1968 561 2036 ad
578 1967 785 2049 stupendum
801 1989 862 2050 par
876 1968 922 2036 illi
944 1968 1033 2050 quod
1058 1967 1209 2050 Godfrey
1224 1989 1280 2050 pa·

280 2075 425 2147 raverat,
442 2067 543 2149 idque
560 2074 662 2135 rectae
677 2067 792 2135 manui
809 2067 952 2135 induxit.

364 2167 495 2249 “Siquis
518 2189 642 2236 arcana
666 2167 753 2235 illius
780 2166 1005 2235 ‘Invincibilis’
1031 2167 1144 2236 rimari
1166 2168 1280 2247 velit,”

280 2267 458 2336 subridens
473 2268 578 2347 fatur,
595 2266 711 2335 “iuvat
727 2289 806 2335 eum
821 2267 999 2336 loricatum
1015 2267 1169 2336 incedere
1182 2288 1189 2346 ;
1212 2268 1279 2335 iam

281 2375 350 2436 tres
364 2367 517 2436 mulctati
534 2374 615 2435 sunt
631 2367 674 2434 ob
689 2389 786 2435 suam
804 2368 1062 2435 temeritatem.”

364 2467 469 2536 “Tres
483 2467 674 2537 homines!”
697 2469 799 2536 iterat
814 2467 920 2535 verba
935 2467 1049 2550 Grady
1066 2468 1201 2537 mirans.

362 2567 497 2649 “Tres''
513 2567 716 2636 numerabat
732 2567 893 2636 extremis
917 2567 1032 2649 digitis
1055 2568 1165 2649 Pigot.
1188 2566 1280 2636 “Pri-

280 2691 375 2737 mum
391 2669 443 2738 ille
460 2670 518 2750 qui
534 2689 657 2736 nomen
678 2667 848 2736 d’Aurelle
875 2668 1057 2749 simulavit,
1081 2668 1139 2750 qui
1166 2674 1279 2737 tamen

280 2791 399 2838 revera
414 2776 566 2837 extortor
581 2768 716 2836 nomine
733 2767 863 2836 Drouet
878 2768 946 2836 fuit
959 2790 966 2847 ;
978 2769 1063 2836 alter
1074 2768 1178 2836 herus
1192 2768 1281 2837 Van·

279 2870 359 2949 tine,
384 2869 514 2951 peritus
540 2868 611 2946 ille;
635 2889 673 2935 ac
697 2867 835 2935 tandem
861 2867 993 2948 tertius,
1019 2868 1082 2936 iste
1113 2868 1281 2950 parasitus

279 2970 394 3038 Morel.
417 2969 549 3036 Horum
565 2989 655 3036 unus
671 2974 807 3035 tantum
835 2968 869 3035 in
896 2968 1008 3049 aliquo
1026 2989 1169 3037 numero
1196 2976 1279 3048 erat,

279 3070 382 3138 herus
396 3068 561 3147 Vantine;
584 3068 657 3136 eius
671 3089 763 3135 mors
784 3067 967 3136 admodum
993 3074 1045 3136 est
1070 3067 1222 3149 dolenda,
1244 3076 1280 3136 et

278 3192 343 3252 ego
358 3177 450 3238 certo
465 3170 532 3237 scio
542 3168 711 3237 Crochard
723 3190 797 3236 eam
808 3168 1007 3249 gravissime
1023 3168 1149 3237 tulisse.
1167 3169 1277 3238 Meam

279 3292 415 3352 quoque
431 3277 576 3338 mortem
592 3275 706 3346 posset
722 3268 775 3336 ille
791 3290 881 3350 aegre
898 3269 999 3348 ferre,
1016 3269 1073 3337 scd
1099 3291 1163 3350 ego
1186 3269 1279 3337 nullo

280 3377 378 3453 pacto
394 3377 538 3452 quartus
553 3368 626 3436 fieri
642 3369 728 3436 volo.
752 3367 829 3436 Non
846 3390 919 3449 ego.
952 3368 1084 3451 Quibus
1099 3368 1196 3438 dictis
1211 3391 1280 3438 ma·

279 3470 416 3539 nutium
432 3470 561 3538 dextrae
577 3490 648 3536 suae
664 3467 827 3550 singulari
843 3490 925 3537 cura
941 3469 1083 3551 aptavit.

365 3570 539 3650 “Indulge,
555 3569 601 3636 mi
618 3569 728 3637 Here”
745 3569 884 3650 eloquor
899 3591 974 3650 ego,
990 3569 1115 3651 quippe
1131 3569 1189 3651 qui
1211 3569 1278 3638 iam

281 3671 410 3741 diutius
439 3670 536 3739 silere
567 3691 635 3738 non
666 3677 828 3751 poteram.
851 3667 957 3738 “Haec
983 3669 1095 3737 omnia
1109 3676 1180 3738 tam
1195 3669 1280 3738 mira

279 3780 417 3842 sunt-
434 3779 505 3839 tam
520 3770 682 3839 terribilia
707 3806 747 3814 -
773 3791 857 3838 num
880 3771 957 3851 plus
982 3769 1091 3838 dicere
1116 3769 1279 3838 detrecta-

281 3874 355 3943 bis?
378 3871 558 3954 Quidnam,
574 3870 722 3951 obsecro,
744 3870 778 3938 hi
802 3878 872 3938 tres
898 3869 1152 3952 quaesiverunt?
1181 3871 1280 3940 Gem-

280 3994 397 4042 masne
409 3971 445 4039 ?'’

365 4071 588 4154 “Singularia,
604 4071 649 4140 mi
666 4071 766 4152 Here,
782 4069 842 4139 tibi
858 4090 955 4151 aeque
971 4075 1052 4138 nota
1071 4075 1152 4138 sunt
1167 4089 1206 4137 ac
1220 4067 1280 4136 mi·
