3150 5468
283 1206 346 1276 284
550 1221 755 1276 ursmnruu
771 1219 877 1276 anca
900 1213 1019 1275 nomn

367 1387 546 1458 “Fortasse
562 1389 738 1472 complura
758 1388 883 1458 horum
905 1387 1094 1458 hariolatur
1119 1387 1289 1471 tantum,”

285 1489 408 1558 suadet
423 1488 548 1571 Grady.

367 1587 441 1658 “lta
455 1596 490 1658 et
505 1610 570 1673 ego
585 1589 772 1659 coniectavi
780 1611 788 1671 ;
810 1596 848 1658 at
862 1610 931 1659 non
956 1587 1057 1658 credo
1079 1608 1289 1672 quemquam

282 1695 354 1758 tam
368 1696 525 1759 accurate
542 1689 699 1758 hariolari
715 1711 822 1772 posse.
844 1689 897 1760 Sic
910 1689 1007 1759 verbi
1022 1710 1135 1772 causa,
1146 1709 1288 1772 quomo

283 1790 326 1858 do
342 1789 388 1858 illi
403 1789 590 1872 quidquam
606 1789 648 1859 de
664 1789 728 1859 illis
742 1790 864 1860 litteris
878 1796 1033 1860 constare
1048 1789 1225 1873 poteratY’

368 1888 441 1959 “Ne
467 1911 532 1972 ego
557 1889 708 1973 quidem,
734 1890 919 1973 profecto‚”
945 1889 1138 1972 interpellat
1161 1887 1289 1972 Grady,

285 1987 460 2072 “unquam
475 1989 517 2057 de
532 1989 573 2058 iis
588 1989 715 2059 audivi.
741 1992 907 2070 Quaenam
922 1989 989 2058 ista
1002 1995 1055 2058 est
1069 1988 1252 2059 historiat’

367 2089 489 2159 Paucis
510 2089 625 2159 verbis
649 2089 825 2160 historiam
848 2111 928 2159 eum
951 2088 1060 2171 docui,
1083 2088 1216 2159 cunctis
1237 2094 1288 2159 ta-
1322 2124 1327 2133 ·

283 2210 364 2257 men
379 2210 513 2258 summa
527 2210 611 2258 cura
625 2189 764 2259 evitatis
778 2211 797 2259 e
812 2189 938 2272 quibus
952 2209 1031 2271 quae
1041 2209 1082 2257 ea
1092 2188 1206 2258 velata
1216 2208 1287 2257 ma·

283 2295 383 2358 trona
396 2289 530 2370 fuisset,
545 2289 658 2372 palam
673 2289 782 2359 fieret.

367 2389 544 2459 “Fuerunt
557 2389 592 2457 in
609 2411 650 2459 ea
664 2411 702 2459 re
716 2389 873 2472 quaedam
888 2388 1104 2473 singularia,”
1115 2387 1287 2471 subiunxi,

284 2488 384 2572 “quae
399 2495 524 2571 praeter
539 2488 625 2558 duos
639 2489 722 2558 alios
736 2489 821 2559 nulli
835 2490 944 2573 alteri,
959 2497 1000 2560 ut
1014 2489 1190 2573 putabam,
1204 2495 1288 2558 nota

283 2589 428 2658 luerunt
443 2625 481 2634 -
499 2597 535 2658 et
548 2589 631 2658 hero
645 2589 747 2673 Pigot
760 2597 876 2659 tamen
891 2597 974 2659 sunt
986 2589 1132 2673 cognita
1144 2589 1289 2673 Insuper

285 2711 436 2771 quonam
449 2688 550 2759 modo
565 2689 840 2759 mechanismatis
854 2689 983 2760 indoles
997 2689 1061 2759 sibi
1075 2695 1175 2759 tanta
1186 2688 1286 2761 certi·

283 2789 403 2859 tudine
419 2790 618 2861 constabat?
655 2791 770 2872 Porro,
797 2791 857 2874 qui
881 2790 981 2860 scivit
1005 2789 1096 2874 quod
1125 2789 1286 2859 volumen

282 2890 499 2959 adamantem
515 2891 665 2959 Mazarin
680 2892 888 2961 occultaret?
909 2891 958 2960 Ut
972 2888 1213 2972 recordaberis,
1227 2911 1286 2959 an·

284 2997 424 3073 tequam
439 2990 473 3059 id
488 2990 671 3060 evolvisset
685 2991 847 3074 explicuit
871 2990 969 3060 nobis
983 2989 1066 3074 quid
1080 2989 1115 3059 id
1129 2989 1286 3060 celaret”

366 3089 481 3172 Grady
497 3090 584 3159 bono
599 3091 722 3173 animo,
734 3091 793 3160 sed
802 3090 1052 3174 quodammodo
1067 3089 1239 3172 deorsum,
1250 3088 1285 3159 in

285 3211 340 3258 me
357 3189 542 3258 renidebat.

367 3289 511 3358 “Nonne
528 3290 562 3359 id
578 3290 738 3360 ultimum
759 3297 834 3360 erat
858 3291 1082 3360 convolutum
1090 3288 1127 3359 P'
1151 3289 1285 3374 quaerit

285 3388 589 3472 “Quandoquidem
605 3392 773 3460 maximus
788 3392 842 3460 ille
857 3391 996 3460 adamas
1010 3391 1046 3460 in
1060 3390 1193 3460 caeteris
1206 3412 1285 3460 con·

283 3490 410 3558 volutis
425 3511 494 3558 non
508 3489 757 3572 inveniebatur,
773 3491 808 3559 in
824 3490 944 3560 ultimo
959 3490 1155 3560 delitescere
1169 3512 1284 3561 neces·

283 3611 319 3659 se
334 3589 413 3658 fuit.
435 3589 549 3672 Atque
564 3589 618 3659 hic
633 3612 725 3660 unus
738 3591 808 3660 fuit
823 3613 943 3660 eorum
958 3591 1117 3661 ludorum
1132 3611 1220 3674 quos
1228 3589 1285 3661 isti

283 3689 440 3758 Franculi
455 3696 526 3758 tam
541 3689 685 3760 libenter
699 3698 871 3760 ostentare
893 3691 1055 3761 soleant”

367 3787 477 3858 “Vera
499 3790 647 3859 fortasse
676 3791 877 3874 memoras‚''
907 3791 1009 3860 retuli
1036 3790 1072 3860 in
1097 3811 1284 3861 assensum.

283 3888 468 3958 “Attamen
497 3890 727 3960 mechanisma
751 3891 833 3960 illud
859 3891 906 3961 sic
931 3898 1079 3961 tractare
1103 3890 1285 3961 videbatur

283 3991 350 4059 acsi
366 3990 427 4059 sibi
443 4012 576 4059 summa
591 4012 670 4059 cum
685 4013 725 4060 eo
740 3991 863 4060 luisset
877 3991 1100 4060 familiaritas.
1115 3990 1203 4061 Fieri
1217 3991 1285 4062 uti-

283 4113 350 4172 que
366 4097 478 4172 potest
492 4098 534 4159 ut
549 4112 585 4159 se
600 4091 643 4159 ad
659 4091 693 4160 id
708 4091 928 4161 tractandum
953 4091 1198 4175 praeparaverit
1212 4098 1284 4161 stu·

283 4191 346 4259 diis
375 4190 610 4272 prosequendo
640 4190 890 4274 delineationes,
916 4212 1005 4274 quae,
1030 4190 1284 4274 proculdubio,

284 4290 445 4359 subnexae
454 4297 551 4359 erant
561 4297 690 4359 secreto
698 4291 951 4360 commentario.
959 4290 1049 4374 Quin
1059 4290 1163 4360 etiam
1170 4312 1284 4360 exem·

283 4391 357 4560 {lgr
372 4390 434 4504 sibi
449 4391 561 4471 parari
582 4412 702 4459 curare
725 4398 869 4473 poterat,
894 4397 930 4461 et
953 4391 1184 4475 operationem
1204 4390 1285 4462 inde

342 4491 468 4560 1c1sse.”
