3150 5468
456 1308 651 1364 cnocnnnu
671 1309 749 1363 uns
768 1308 996 1364 mvmcruus
1166 1292 1229 1364 2³7

228 1476 418 1545 commonui
435 1499 544 1546 unum
561 1485 696 1547 tantum
713 1478 746 1547 id
761 1478 893 1561 agendo
903 1478 1120 1559 effecturum,
1135 1500 1228 1546 nem·

229 1598 270 1657 pe
286 1584 326 1645 ut
342 1577 529 1657 fugitivum
560 1579 697 1647 omnino
717 1578 933 1660 absterreret,
948 1578 1079 1648 etiarnsi
1090 1578 1227 1648 consilia

225 1680 303 1745 arca
319 1677 471 1758 potiundi
488 1700 597 1760 usque
613 1699 680 1746 non
696 1678 915 1760 deposuisset,
940 1678 981 1747 de
1008 1699 1078 1761 qua
1103 1700 1139 1747 re
1161 1700 1225 1762 ego

225 1776 444 1845 vehementer
460 1778 661 1847 dubitarem.
684 1779 732 1847 At
748 1777 898 1860 Godrrey
914 1777 987 1848 risit
1002 1786 1148 1848 tantum.

308 1910 420 1980 “Nihil
437 1933 575 1993 prorsus
590 1910 778 1980 verendum
804 1911 987 1994 quominus
1001 1911 1029 1981 is
1043 1933 1065 1981 a
1079 1913 1227 1996 proposi·

225 2017 260 2077 to
276 2010 517 2091 deterreatur,”
534 2011 714 2093 respondit
738 2010 836 2079 “Non
858 2011 947 2080 enim
963 2011 1056 2081 lurco
1071 2012 1101 2080 is
1121 2033 1161 2081 ea
1182 2035 1225 2082 ex

224 2110 336 2179 farina
354 2119 415 2180 est.
438 2110 471 2180 Si
488 2119 579 2180 recte
595 2132 675 2180 eum
691 2110 811 2192 iudico,
827 2110 876 2180 ita
891 2119 1019 2180 temere
1045 2111 1176 2181 audens
1196 2113 1226 2182 is

223 2218 284 2291 est,
301 2219 340 2279 ut
356 2211 590 2280 molimentum
606 2211 832 2294 insuperabile
847 2233 927 2280 eum
949 2211 1058 2293 magis
1081 2212 1225 2281 allectet.

224 2312 299 2393 Quo
314 2319 464 2394 coeptum
480 2311 589 2392 magis
604 2311 751 2380 arduum
764 2311 817 2392 sit,
839 2333 880 2380 eo
905 2312 982 2393 plus
1007 2333 1087 2380 eum
1113 2312 1224 2381 allicit.

223 2410 456 2580 &sententia
470 2412 596 2481 ductus
611 2411 673 2480 hoc
688 2419 839 2494 coeptum
854 2419 926 2482 tam
941 2412 1089 2482 arduum
1105 2412 1225 2482 descri-

306 2627 373 2696 “At
389 2650 488 2696 nemo
503 2650 607 2697 sanus
621 2649 696 2697 eam
707 2650 821 2698 arcam
830 2637 997 2699 temerare
1006 2629 1222 2712 susciperet,''

222 2727 363 2796 obverto
379 2751 452 2811 ego.
476 2728 535 2798 “ld
551 2728 640 2797 enim
657 2729 793 2798 omnino
808 2729 879 2799 fieri
895 2730 1046 2812 nequit.”

306 2844 378 2913 “lta
394 2845 531 2925 quidem
557 2853 663 2927 paret,
687 2868 749 2914 nec
776 2846 901 2914 infitias
926 2847 1012 2927 ib0,”
1038 2847 1223 2916 assentitur

222 2944 302 3025 ipse.
326 2944 459 3013 “Nihilo
475 2953 589 3013 tamen
607 2945 725 3025 secius
741 2944 863 3027 quovis
886 2968 986 3014 mane
1001 2945 1223 3015 sollicitudine

221 3044 394 3126 trepidans
423 3044 644 3127 expergiscor,
681 3066 889 3126 accurroque
925 3045 967 3113 ad
1005 3045 1223 3128 telephonum

221 3145 403 3226 quaesitum
419 3153 537 3213 utrum
553 3167 631 3213 arca
645 3144 756 3213 adbuc
772 3146 865 3213 salva
881 3145 933 3213 sit.
956 3144 990 3214 Si
1012 3145 1053 3214 de
1076 3146 1152 3215 ullis
1175 3146 1224 3214 in·

221 3266 323 3326 super
340 3245 502 3326 praesidiis
516 3245 665 3326 cogitare
681 3266 823 3326 possem,
850 3244 1009 3314 adhibere
1033 3267 1100 3313 non
1125 3245 1222 3314 dubi·

221 3345 361 3413 tarem.”

305 3461 366 3529 His
379 3461 505 3529 auditis
520 3451 643 3544 anceps
658 3469 821 3531 contueor
832 3462 992 3544 Godfrey,
1009 3462 1109 3531 iocari
1131 3463 1221 3531 enim

220 3583 297 3629 eum
316 3562 444 3643 putavi.
467 3561 611 3631 Consilio
638 3583 712 3630 meo
734 3572 909 3645 perspecto
935 3562 999 3632 leni
1027 3563 1096 3631 risu
1113 3562 1147 3631 in
1164 3585 1218 3632 me

221 3661 376 3742 respexit.

304 3778 500 3860 “Equidem,
517 3779 561 3846 mi
585 3778 734 3860 Lester,”
759 3778 940 3861 respondit,
967 3777 1163 3860 “nunquam
1185 3778 1220 3846 in

219 3878 290 3945 vita
307 3899 381 3947 mea
397 3879 504 3960 magis
519 3880 570 3947 fui
588 3880 621 3947 in
638 3879 732 3948 serio.
757 3878 855 3947 Hunc
873 3887 921 3958 tu,
938 3886 978 3946 ut
993 3900 1068 3958 ego,
1084 3900 1150 3946 non
1172 3879 1222 3946 vi·

219 3977 308 4046 deris
333 4001 375 4046 ex
401 4001 500 4060 aequo
526 3980 704 4048 aestimare.
735 3979 860 4060 lnsigui
881 3978 935 4046 ille
951 3977 1051 4060 pollet
1067 3978 1220 4060 ingenim

219 4077 300 4145 nibil
316 4100 394 4145 eum
411 4087 602 4161 exsuperat.
624 4079 744 4160 Coepta
770 4078 856 4146 levia
881 4078 909 4146 is
934 4086 1154 4161 aspernatum
1177 4077 1219 4146 si·

219 4177 299 4258 quid
316 4177 377 4259 ipsi
405 4178 478 4246 leve
505 4178 651 4259 videtur,
678 4177 825 4258 indurat,
851 4178 947 4260 quasi
972 4178 1015 4246 sit
1039 4177 1217 4246 ludicrum.

219 4276 394 4344 Proditum
411 4277 453 4345 de
469 4300 508 4345 eo
523 4277 633 4360 accepi
660 4299 739 4346 eum
761 4277 891 4359 aliquos
906 4300 984 4347 suas
1003 4298 1157 4358 gemmas
1177 4298 1217 4347 ac

219 4377 364 4458 pretiosa
380 4400 446 4445 non
464 4377 545 4445 satis
561 4378 593 4445 in
611 4386 686 4446 tuto
713 4377 837 4445 habere
861 4377 1084 4456 admonuisse,
1107 4398 1215 4457 quum

217 4485 333 4544 autem
350 4477 383 4544 bi
400 4500 477 4545 suos
493 4479 669 4547 thesauros
684 4478 718 4546 in
735 4477 896 4547 tutiorem
920 4476 1146 4545 condidissent
1171 4477 1217 4545 lo-

217 4597 305 4658 cum,
322 4599 379 4646 eos
395 4577 485 4646 hunc
500 4578 693 4662 eripuisse.”
