3150 5468
282 1194 346 1264 252
544 1209 753 1266 nusqmmu
774 1211 883 1266 mcxv,
904 1203 1023 1266 noum

284 1380 511 1462 pervenimus.
533 1378 610 1449 Duo
624 1380 732 1449 nostri
757 1380 898 1450 comites
911 1380 966 1449 hic
980 1402 1002 1449 a
1016 1379 1115 1450 nobis
1129 1379 1291 1449 discesse-

285 1488 366 1548 runt
380 1479 424 1548 ad
440 1479 614 1562 videndos,
630 1487 671 1550 ut
685 1487 780 1563 puto,
795 1481 1035 1549 eminentiores
1049 1479 1216 1562 quosdam
1231 1501 1288 1549 ve·

284 1587 404 1661 ctores,
431 1602 576 1662 quorum
603 1580 789 1649 sententias
814 1580 902 1649 circa
928 1579 1122 1662 questiones
1144 1579 1211 1649 diei
1234 1579 1289 1660 (ut

285 1680 376 1749 credi
391 1679 484 1760 licet)
506 1703 547 1749 ex
563 1702 730 1749 consensu
746 1679 842 1762 vulgi
858 1701 1061 1763 cognoscere
1076 1687 1112 1750 et
1127 1687 1289 1764 expetere

285 1780 500 1849 videbantur.
523 1781 674 1863 Godirey
688 1781 841 1864 constitit
866 1787 946 1849 ante
971 1780 1140 1850 officinam
1166 1779 1289 1861 aerarii,

286 1881 520 1963 pagellamque
528 1903 625 1950 suam
634 1880 932 1950 nomenclatoriam
940 1881 1223 1963 perfenestellam
1231 1880 1291 1949 ho

287 1981 370 2049 mini
385 1981 419 2049 in
436 1988 533 2064 septo
548 1981 708 2064 porrexit.

371 2096 525 2166 “Herum
553 2098 663 2179 Pigot,
691 2099 895 2180 praefectum
912 2099 1064 2169 sopitis·
1078 2097 1292 2168 Securitatis

286 2199 467 2267 Porisioci
483 2198 604 2265 vellem
620 2199 737 2280 paucis
750 2198 964 2280 convenire,’'
989 2198 1111 2281 inquit.
1135 2196 1292 2267 “Fortas-

287 2320 323 2366 se
339 2319 399 2380 pro
415 2304 476 2366 tua
490 2297 703 2366 humanitate
725 2297 860 2367 curabis
874 2305 915 2366 ut
928 2298 1050 2380 aliquis
1075 2296 1292 2367 mediastino·

288 2402 376 2466 rum¹
393 2397 692 2466 nomenclatoriam
707 2419 818 2467 meam
834 2397 877 2466 ad
893 2419 973 2467 eum
987 2398 1153 2467 deferat.’'

371 2513 493 2583 “Haud
510 2516 574 2583 erit
589 2536 735 2596 necesse,
747 2515 794 2583 mi
806 2515 927 2597 Here,''
943 2514 1074 2584 urbane
1085 2515 1141 2584 ille
1153 2535 1292 2597 respon·

288 2614 356 2683 det.
383 2613 518 2683 “Herus
542 2615 642 2696 Pigot
666 2615 731 2683 illic
757 2621 825 2683 stat
851 2650 893 2660 -
908 2615 962 2684 vir
976 2615 1031 2684 ille
1045 2613 1139 2684 canis
1153 2615 1291 2697 capillis,

288 2723 386 2796 tergo
402 2714 445 2783 ad
460 2736 522 2783 nos
537 2736 666 2783 versus.
699 2714 975 2797 Exspectandum
1001 2722 1117 2784 tamen
1141 2714 1202 2784 tibi
1225 2714 1292 2783 erit

289 2815 476 2895 modicum;
499 2815 527 2882 is
542 2814 632 2882 enim
648 2815 800 2897 quicum
815 2836 856 2884 eo
871 2816 972 2884 modo
987 2815 1060 2897 agit
1074 2835 1096 2884 a
1110 2813 1291 2884 consulatu

290 2915 450 2983 Francico
466 2921 528 2996 est,
545 2915 728 2998 paucisque
744 2922 824 2984 ante
840 2915 1022 2985 momentis
1035 2914 1207 2984 advenit.’'

373 3031 517 3100 Vultum
534 3032 737 3114 Inspectoris
752 3031 853 3114 Pigot
879 3032 995 3101 videre
1019 3054 1088 3101 non
1114 3039 1292 3115 poteram3

290 3131 515 3200 animadverti
530 3139 645 3200 tamen
662 3132 736 3201 eius
750 3139 919 3201 staturam
934 3131 1119 3201 admodum
1133 3139 1292 3213 erectam,

292 3253 370 3314 quae
397 3254 477 3300 eum
508 3231 644 3300 militari
680 3232 855 3314 disciplina
890 3232 1087 3301 institutum
1117 3230 1292 3314 prodebat

292 3331 445 3399 Nuntius
459 3332 656 3400 consulatus
672 3331 824 3400 Francici
837 3331 891 3400 vir
906 3338 980 3400 erat
991 3331 1157 3412 iuvenilis,
1167 3337 1293 3413 mysta-

291 3431 387 3501 cibus
401 3431 524 3500 ceratis
539 3438 573 3499 et
589 3431 741 3513 extersis,
768 3431 983 3514 oculariaque
1010 3452 1142 3512 gerens.
1164 3430 1294 3500 Eodem

292 3539 443 3613 tempore
459 3531 630 3599 salutabat
646 3531 768 3599 herum
784 3531 893 3612 Pigot,
910 3538 945 3599 et
967 3537 1045 3613 post
1066 3531 1197 3613 aliquot
1218 3550 1294 3599 ver·

292 3633 345 3712 ba,
361 3653 404 3700 ex
417 3631 636 3700 interioribus
651 3631 792 3699 sacculis
807 3630 967 3712 produxit
982 3631 1210 3700 involucrum²
1222 3629 1295 3699 offi-

292 3731 384 3801 cialis
398 3731 529 3812 fonnae,
548 3731 637 3799 vitta
662 3731 767 3800 rubra
794 3731 1076 3813 circumligatum,
1099 3750 1294 3813 magnoque

293 3830 401 3913 sigillo
416 3831 597 3899 munitum.

377 3931 490 3999 Herus
504 3931 604 4013 Pigot
620 3930 737 4013 paucis
751 3931 894 4014 aspexit,
909 3931 1040 4001 interea
1064 3930 1147 4000 dum
1170 3931 1296 4001 saluta·

400 4166 423 4215 1.
445 4161 656 4225 Mediastinus,
673 4163 705 4226 -ί,
723 4171 764 4216 est
787 4165 868 4217 homo
882 4165 910 4217 in
925 4165 993 4217 locis
1016 4164 1166 4229 publicisad
1180 4164 1296 4218 servitia

294 4248 383 4300 omnis
396 4247 504 4312 generis
516 4248 668 4312 praestanda
682 4249 842 4300 conductus.

395 4333 420 4383 2.
437 4329 636 4392 Involucmtm,
664 4331 697 4393 -i,
727 4337 768 4383 est
793 4332 836 4383 cui
862 4332 961 4384 litterae
987 4331 1173 4392 includuntur,
1195 4332 1295 4399 quoda

295 4416 387 4466 fronte
399 4415 519 4474 titulum,
532 4415 574 4466 vel
589 4415 791 4479 insignaculum
810 4414 928 4479 (nomen,
955 4416 1098 4482 locumque
1120 4415 1164 4468 cui
1188 4421 1217 4468 et
1239 4429 1296 4479 quo

296 4498 466 4563 reddantur),
480 4514 497 4550 a
510 4503 586 4564 tergo
598 4504 690 4552 autem
702 4526 734 4535 -
746 4515 943 4566 nonnunquam
957 4527 989 4535 -
1002 4499 1124 4566 sigillum
1136 4499 1201 4553 fert.
