3150 5468
617 1255 796 1311 unmom
817 1255 960 1312 vomu
1232 1238 1293 1311 151

373 1422 534 1494 Protinus
559 1432 699 1494 acutum
726 1446 847 1494 sonum
873 1425 951 1495 aeris
973 1424 1150 1495 tinnientis
1163 1423 1293 1495 audivi·

289 1545 376 1694 gius,
390 1532 426 1595 et
441 1547 462 1595 a
476 1527 564 1595 laevo
579 1526 684 1595 latere
700 1548 789 1596 arcae
803 1534 957 1597 crustum
982 1526 1188 1596 metallicum
1210 1526 1292 1596 reci·

312 1646 380 1695 ere.

371 1742 485 1814 “Ansa
500 1745 583 1826 est‚”
599 1745 695 1813 latur
708 1752 865 1814 matrona
880 1746 1002 1826 velata
1028 1752 1063 1813 et
1089 1744 1171 1814 nihil
1195 1742 1291 1814 dubi·

288 1849 374 1926 tans,
389 1843 473 1915 dum
487 1845 570 1914 mihi
584 1867 641 1914 cor
656 1845 818 1927 haerebat,
834 1867 951 1915 ansam
966 1844 1200 1929 apprehendit,
1216 1866 1293 1927 par·

288 1945 477 2028 vulumque
492 1947 644 2015 forulum
661 1946 785 2015 evellit.

371 2060 423 2131 “A
433 2061 462 2130 !”
483 2062 675 2145 reiectoque
690 2062 831 2132 ridiculo
846 2063 1011 2144 manutio,
1024 2062 1224 2133 fasciculum
1238 2060 1289 2130 lit·

287 2167 438 2231 terarum
454 2162 724 2246 schedarumque
738 2164 772 2233 in
788 2163 902 2233 forulo
917 2165 1087 2233 occultum
1109 2161 1288 2246 prehendit

285 2268 321 2330 et
336 2261 433 2332 tollit.
455 2263 540 2332 Dein
555 2263 632 2332 nisu
657 2263 804 2345 quodam
826 2285 862 2332 se
886 2263 1092 2346 continebat,
1116 2263 1286 2345 vittulam,

285 2382 364 2444 quse
378 2363 580 2433 fasciculum
596 2364 787 2433 litterarum
803 2364 947 2446 ligatum
961 2364 1110 2446 tenebat,
1136 2362 1286 2444 resolvit,

284 2469 432 2546 anteque
441 2465 555 2533 oculos
562 2472 696 2534 nostros
704 2464 792 2534 dena
799 2464 1024 2547 duodenaque
1033 2465 1224 2533 litterraum
1235 2462 1284 2533 in·

284 2563 422 2632 volucro
437 2564 569 2633 stravit.
592 2564 673 2634 “Uti
689 2564 828 2645 videbis,
845 2565 935 2633 Here
951 2565 1100 2646 Lester,”
1117 2563 1285 2634 submissa

282 2661 331 2732 ait
345 2685 438 2745 voce,
454 2663 529 2732 “hae
544 2685 647 2732 merae
663 2664 786 2734 litterae
812 2672 902 2745 sunt,
927 2664 1056 2746 tibique
1082 2663 1285 2747 persuadere

283 2763 386 2831 velim
399 2763 534 2833 easdem
551 2786 644 2833 meas
658 2765 763 2834 esse.”

364 2879 476 2950 “Nihil
492 2882 622 2963 dubito,
646 2903 722 2950 mea
747 2881 868 2963 Hera,”
895 2881 1061 2964 respondi.
1084 2882 1144 2950 Illa
1167 2889 1284 2950 autem

282 2981 418 3051 allevati
433 2982 543 3051 cordis
558 2982 711 3066 suspirio,
726 2990 762 3051 et
777 2982 874 3064 quasi
896 3003 975 3050 cum
997 2982 1162 3064 singultu,
1186 2981 1285 3051 fasci·

281 3082 397 3151 culum
412 3083 569 3164 religavit
583 3091 751 3165 cauteque
768 3083 801 3152 in
826 3083 902 3152 sinu
928 3083 1025 3165 pallae
1048 3103 1120 3152 suae
1144 3081 1283 3151 abdidit.

280 3181 362 3251 “Est
377 3182 533 3264 quadam
550 3184 633 3264 res,”
648 3204 739 3252 nunc
754 3205 819 3265 ego
835 3183 1005 3264 subiunxi,
1021 3181 1144 3264 “quam
1157 3189 1207 3263 tu,
1219 3180 1285 3250 He·

282 3303 319 3351 ra
333 3303 419 3362 mea,
435 3304 496 3365 pro
511 3306 566 3351 me
582 3284 673 3352 forte
688 3283 849 3366 perticere
865 3284 1010 3366 posses.”

363 3399 619 3469 “Libentissime
634 3400 789 3481 faciam,”
805 3422 945 3470 susurro
962 3399 1144 3483 respondit.

362 3516 430 3586 “Ut
445 3517 513 3585 iam
536 3517 618 3586 hero
644 3517 866 3586 Homblower
891 3517 1066 3599 explicui,”
1093 3537 1279 3599 prosequor

279 3639 354 3701 ego,
370 3616 516 3687 “nudius
530 3617 653 3686 tertius
668 3618 730 3686 hoc
746 3617 780 3685 in
795 3617 946 3686 conclavi
972 3617 1040 3686 duo
1066 3616 1165 3686 occisi
1188 3622 1280 3694 sunt,

279 3717 357 3788 Sive
373 3717 486 3801 potius
501 3718 535 3785 in
551 3717 705 3786 cubiculo
729 3718 892 3799 contiguo
917 3718 1060 3786 fuerunt
1084 3716 1201 3796 occisi;
1222 3715 1281 3786 sed

278 3839 341 3889 nos
355 3818 553 3902 putavimus
566 3839 625 3886 eos
638 3819 781 3886 vulnera
807 3817 943 3886 lethalia
959 3817 1011 3886 hic
1026 3817 1203 3899 accepisse.
1241 3816 1280 3885 ln

278 3919 341 3988 hoc
356 3940 418 3988 nos
432 3939 561 3988 errasse
577 3917 763 3987 videmur.''

360 4035 459 4106 “Sine
474 4035 607 4115 dubio‚''
623 4034 800 4103 confirmat
826 4035 908 4117 ipsa
942 4033 1121 4104 “Praesidio
1146 4031 1281 4103 mecho·

277 4135 430 4206 nismatis
444 4143 514 4205 tam
530 4135 675 4204 fabulosi
692 4156 793 4216 quam
809 4142 849 4203 tu
866 4135 1106 4215 memoravisti‚
1117 4133 1207 4203 Here
1219 4132 1281 4202 Le·

277 4245 357 4318 ster,
383 4236 515 4305 forulus
540 4235 594 4304 ille
621 4235 774 4304 munitus
796 4242 831 4303 et
858 4236 971 4304 fretus
995 4255 1171 4317 nunquam
1200 4232 1279 4302 f-uit.

276 4336 402 4407 Saltem
414 4357 481 4405 non
497 4357 539 4404 ex
554 4357 595 4403 eo
611 4343 763 4417 tempore
790 4357 858 4416 quo
872 4357 938 4417 ego
953 4356 1028 4403 eam
1055 4332 1279 4416 possederam.

275 4436 464 4518 Traditum,
489 4443 529 4504 ut
552 4435 626 4516 scis,
642 4443 800 4504 tenemus
814 4435 901 4504 hanc
917 4456 1030 4503 arcam
1047 4456 1108 4517 pro
1124 4433 1280 4502 Matrona

274 4536 448 4621 quondam
462 4535 504 4605 de
520 4535 722 4618 Montespan
737 4537 929 4605 confectam
945 4534 1082 4606 tuisse.”
