3128 5016
344 769 407 836 112
605 783 816 838 nrsrnnrun
837 784 945 838 onon
965 777 1083 838 nouus

344 1051 354 1119 l
390 1056 397 1093 1
426 950 577 1119 Godfrey
593 951 699 1034 digito
715 952 910 1034 pincernam
925 952 1076 1034 accersit,
1092 952 1177 1035 petit
1198 951 1343 1022 rationa-

356 1073 385 1132 e,
416 1072 453 1119 so
465 1051 526 1119 vit.

426 1166 548 1237 “Nunc
578 1191 670 1250 vero,
700 1191 775 1250 age,
805 1169 1029 1252 procedamus
1058 1169 1342 1251 inspiciamusque

341 1267 441 1336 istam
457 1270 601 1348 arcam,’'
618 1269 737 1350 inquit,
753 1268 814 1337 “ut
836 1270 904 1337 tuit
928 1269 962 1336 in
989 1269 1087 1337 votis.
1114 1269 1169 1338 Me
1195 1269 1342 1337 insanire

342 1368 488 1450 putabis,
518 1369 645 1449 Lester,
671 1391 791 1436 verum
819 1391 862 1437 ne
890 1369 971 1437 illud
999 1369 1180 1437 remulcale
1205 1368 1342 1450 quidem

341 1468 442 1536 fidem
459 1491 579 1548 meam,
596 1470 766 1537 occuitum
792 1470 887 1536 iilum
913 1469 1065 1537 forulum
1089 1469 1244 1549 existere,
1265 1490 1343 1536 con·

341 1568 479 1637 cussit.”

425 1668 647 1752 “Caeteraque
664 1669 823 1738 omnia?”
838 1691 964 1750 quaero.

425 1785 588 1855 “Prorsus
600 1787 743 1866 omnia,”
756 1787 891 1853 tractim
904 1785 1096 1867 respondet.
1109 1785 1248 1854 Interim
1260 1784 1342 1854 dum

340 1885 431 1954 aedes
455 1887 602 1955 Vantine
628 1887 853 1966 attigeramus
878 1885 1009 1953 nullum
1033 1886 1175 1953 verbum
1191 1886 1342 1968 protulit.

341 1986 369 2053 E
386 1987 484 2054 torsis
500 1996 614 2054 tamen
632 1986 817 2067 superciliis
833 1985 914 2053 satis
930 1986 1084 2067 perspexi
1111 1993 1240 2067 quanto
1264 1985 1341 2053 nisu

338 2094 520 2154 conaretur
535 2109 697 2154 arcanum
713 2086 787 2153 cius
801 2085 904 2153 foruli
920 2086 1095 2166 explicare.

424 2203 581 2271 “Obsidio
596 2203 733 2271 videtur
749 2203 815 2270 iam
840 2202 981 2282 soluta‚’'
1006 2203 1074 2270 dixi
1099 2223 1173 2283 ego,
1199 2201 1297 2270 nobis
1322 2223 1341 2269 e

339 2304 495 2372 vehiculo
511 2303 803 2372 descendentibus.

422 2404 579 2472 “Obsidio
591 2405 626 2471 ?”

422 2520 550 2588 “Parks
566 2520 647 2587 mihi
663 2542 722 2601 per
738 2521 956 2602 telephonum
973 2519 1153 2587 nuntiabat
1169 2526 1341 2587 consortes

340 2628 417 2689 tuos
432 2620 542 2688 locum
559 2621 650 2688 hunc
666 2620 843 2687 obsedisse.
870 2620 943 2700 Ego
966 2626 1081 2686 autem
1108 2618 1341 2687 obsidentibus

339 2720 565 2789 resistendum
581 2720 694 2788 iussi.”

419 2837 558 2905 “Miselli
575 2836 740 2905 iuvenci!’'
763 2836 810 2904 ait
827 2835 1014 2904 subridens.
1030 2835 1198 2917 “AEgrum
1213 2834 1341 2917 cogita·

337 2945 375 3006 tu
392 2945 443 3005 est
460 2938 521 3005 hos
536 2937 567 3004 id
585 2938 692 3005 solum
716 2937 800 3004 scire
816 2937 904 3018 quod
922 2935 1035 3016 Grady
1052 2957 1109 3003 eos
1125 2935 1244 3002 docere
1267 2957 1340 3017 pos—

335 3037 379 3106 sit
390 3037 418 3105 !”
442 3038 502 3105 His
517 3037 615 3105 dictis
630 3036 672 3104 ad
688 3037 778 3104 ades
794 3036 932 3105 accessit
948 3057 1073 3117 easque
1100 3034 1252 3117 undique
1277 3035 1340 3103 cir·

335 3137 536 3218 cumspexit.

424 3254 601 3335 “Quonam
619 3253 651 3320 in
668 3252 824 3321 cubiculo
839 3259 891 3320 est
907 3274 985 3321 arca
999 3251 1104 3320 sita?”
1119 3250 1254 3334 quaerit.

419 3352 642 3423 “Cubiculum
668 3353 819 3421 anticum
846 3353 920 3432 illic,
944 3375 965 3420 a
988 3353 1075 3420 laevo
1098 3359 1161 3432 est,
1177 3350 1236 3420 ubi
1251 3350 1339 3421 duas

437 3574 459 3622 1.
478 3569 655 3629 Rationalis,
671 3587 706 3622 e:
721 3571 814 3635 tingud
830 3570 960 3635 negotiali
976 3571 1096 3622 Romans
1122 3567 1229 3621 littere
1248 3566 1336 3619 ratio

335 3653 591 3717 notessipniticnnt
606 3656 692 3719 pretia
720 3671 808 3704 rerum
831 3655 940 3718 scripta,
966 3655 1029 3719 quia
1044 3652 1190 3705 rationem
1215 3649 1336 3703 reddare

334 3746 375 3790 est
389 3739 509 3790 numeris
522 3738 664 3789 ostendere
677 3738 740 3803 quid
753 3754 866 3802 qua-que
880 3755 922 3788 res
935 3738 1034 3796 valeat,
1047 3743 1094 3788 aut
1107 3736 1172 3802 quid
1186 3742 1277 3787 actum
1291 3735 1334 3786 vel

334 3830 440 3887 gestum
459 3822 512 3879 sit:
531 3819 717 3871 rationarius
731 3821 822 3885 itaque
835 3828 875 3871 est
889 3821 986 3878 scriba,
1012 3820 1059 3886 qui
1081 3827 1206 3884 sumptus
1229 3834 1336 3882 compu-

333 3912 382 3965 tat;
396 3906 503 3960 linem.
516 3904 618 3955 charta·
632 3904 658 3953 in
671 3904 769 3968 quibus
782 3911 912 3968 sumptus,
930 3904 1053 3968 erogatio
1078 3903 1208 3968 pecuniae.
1233 3909 1280 3953 aut
1296 3902 1338 3952 de

332 3990 388 4041 bin
402 3989 523 4039 numeris
536 3988 723 4051 exprimuntur
743 3986 913 4047 rutionutes,
935 3988 987 4046 vel,
1000 4004 1046 4052 per
1060 3986 1272 4043 substantivum.
1288 3999 1336 4036 ra·

331 4071 457 4125 tionaliu
469 4073 592 4126 audiunt.
