3128 5016
612 818 719 875 ocurr
739 819 926 875 annm-rus
1210 805 1272 876 125

264 987 380 1057 oculos
393 987 556 1059 micantes
568 989 693 1058 iterum
708 989 898 1073 conspicere
920 988 1002 1058 mihi
1026 988 1145 1058 datum
1171 995 1270 1059 esset.

266 1088 293 1157 li
309 1087 399 1157 enim
413 1088 519 1158 inussi
534 1110 606 1158 esse
621 1089 845 1171 videbantur;
867 1097 1007 1159 urentes
1028 1088 1138 1158 radios
1152 1089 1188 1158 in
1202 1097 1271 1158 ter-

265 1209 401 1356 ffireo
416 1210 553 1258 sursum
574 1188 800 1272 deorsumque
821 1189 903 1258 mihi
930 1211 1066 1259 cursare
1091 1189 1271 1272 persuade·

351 1386 460 1468 “Quid
487 1409 555 1456 non
579 1388 738 1471 prodeam
761 1388 829 1457 acsi
850 1388 976 1472 aliquid
1002 1410 1224 1472 prosequerer
1232 1388 1269 1459 ?''

268 1487 359 1557 suasi
374 1508 448 1570 ego.
464 1486 575 1557 “Tum
591 1510 655 1571 ego
670 1496 704 1557 et
720 1488 828 1558 Parks
842 1488 1144 1558 circumcurrentes
1164 1510 1270 1559 comu

267 1609 346 1657 eum
366 1586 598 1657 haberemus.”

351 1703 462 1784 “Quin
478 1726 545 1774 non
561 1712 601 1774 tu
616 1727 706 1787 eum,
722 1706 781 1775 sed
794 1705 866 1789 ipse
880 1714 915 1775 te
930 1705 1080 1775 haberet.
1102 1705 1178 1775 Tibi
1193 1706 1268 1776 nul·

266 1804 299 1874 la
313 1811 446 1888 pateret
470 1805 606 1874 occasio.
629 1804 664 1874 Si
689 1812 741 1874 est
766 1805 801 1874 in
826 1805 991 1889 superiori
1015 1805 1268 1888 contignatione

266 1905 417 1974 fenestra
445 1926 547 1987 supra
571 1904 672 1986 illam,
697 1905 824 1989 aliquid
848 1906 883 1975 in
909 1927 989 1975 eum
1003 1905 1181 1975 demittere
1196 1926 1269 1989 pos·

266 2027 329 2086 ses,
345 2012 406 2073 aut
420 2025 502 2073 vero
515 2011 631 2074 nostro
646 2005 753 2074 Parks
777 2006 891 2075 liceret
916 2027 996 2074 eum
1021 2005 1176 2089 sclopello
1201 2012 1269 2075 tra·

267 2105 444 2174 11cere-''

350 2219 417 2289 “At
445 2242 557 2289 nonne
581 2220 616 2290 id
641 2221 766 2304 ignavo
790 2221 972 2291 admodum
995 2221 1095 2291 modo
1123 2220 1268 2291 fieret?”

268 2321 468 2390 sciscitabar.

351 2420 418 2489 “Mi
433 2420 548 2502 amice,
565 2420 713 2502 Lester,’'
729 2421 920 2490 obtestatur
946 2421 1106 2504 Godfrey,
1123 2419 1170 2490 “si
1185 2421 1270 2504 aspi·

268 2519 345 2588 dem
360 2520 564 2603 aggrederis,
578 2542 690 2589 nonne
705 2521 739 2589 id
754 2521 847 2590 nuda
861 2543 965 2590 manu
980 2521 1073 2590 haud
1084 2519 1269 2591 tentabis?'’

351 2636 494 2705 Prorsus
515 2637 644 2707 invitus
669 2673 710 2682 -
734 2637 848 2707 oculos
870 2637 994 2708 iterum
1015 2638 1059 2707 ad
1083 2638 1270 2708 fenestram

267 2743 451 2805 converto.
469 2789 476 2804 .
494 2789 501 2804 .

352 2834 522 2905 “Decessit
535 2837 565 2905 !''
588 2837 747 2906 exclamo.

351 2935 502 3018 Godfrey
517 2935 603 3004 binis
617 2936 757 3006 saltibus
771 2936 958 3024 fenestram
975 2937 1099 3020 attigit.

351 3034 480 3105 “Cerne
492 3034 592 3104 modo
606 3035 696 3104 istud
707 3035 736 3104 !''
750 3036 808 3118 ait,
831 3034 927 3104 “tum
941 3037 1051 3105 fatere
1065 3043 1184 3106 utrum
1198 3036 1270 3120 ipse

268 3157 336 3204 non
352 3157 484 3204 summo
500 3135 544 3204 sit
558 3135 693 3218 ingenio
702 3134 730 3203 !'’

352 3252 466 3322 Oculis
480 3259 618 3321 secutus
631 3251 813 3334 digitorum
828 3252 999 3335 indicium,
1015 3252 1084 3322 vidi
1098 3274 1117 3321 e
1132 3253 1269 3337 regione

268 3352 443 3422 foraminis
457 3351 583 3420 tabulae
597 3351 702 3421 simile
717 3353 871 3422 foramen
885 3353 976 3422 vitro
990 3375 1062 3422 esse
1072 3352 1225 3422 incisum.

353 3469 485 3538 “Lurco
510 3468 565 3536 ille
594 3468 706 3538 omnia
729 3469 924 3552 praevidet?
946 3469 1267 3539 cumadmiratione

267 3570 364 3638 fatur
378 3568 538 3650 Godfrey.
561 3567 743 3637 “Erdstimo
758 3590 838 3638 eum
853 3569 935 3639 illud
950 3571 1104 3638 foramen
1115 3568 1269 3638 instanti·

268 3669 333 3738 bus
347 3668 495 3737 tenebris
508 3667 676 3737 excidisse.
699 3668 841 3751 Oportet
856 3691 935 3738 eum
957 3667 1151 3753 praevidisse
1173 3669 1269 3738 futu·

268 3790 345 3837 rum
360 3775 400 3836 ut
415 3789 477 3836 nos
491 3789 603 3835 arcam
618 3767 681 3836 hac
695 3789 837 3850 vespera
847 3769 1060 3851 exploremus
1074 3803 1115 3812 -
1130 3767 1201 3850 ipse
1211 3789 1269 3837 ve·

269 3890 306 3938 ro
328 3890 396 3937 non
418 3867 518 3936 modo
547 3867 672 3949 videre,
701 3889 822 3936 vemm
851 3868 954 3937 etiam
979 3867 1097 3938 audire
1122 3866 1267 3937 volebat.

269 3968 441 4052 Quidquid
456 3967 611 4049 diximus,
626 3968 672 4036 mi
687 3967 814 4050 Lester,
831 3968 903 4051 ipse
918 3967 1080 4038 audivit.''

352 4083 623 4168 “Prosequamur
646 4105 727 4154 eum
737 4083 766 4153 !'’
795 4084 929 4155 clamito
950 4106 1025 4168 ego,
1050 4093 1085 4155 et
1111 4084 1196 4169 quin
1218 4104 1270 4155 re·
