3150 5468
327 1256 391 1328 210
588 1273 796 1327 ursrumuu
819 1271 925 1325 Anca
947 1265 1065 1326 noum

328 1448 454 1509 verunt
469 1441 606 1522 iterum,
621 1447 656 1509 et
677 1462 768 1509 nunc
784 1462 805 1509 a
820 1462 953 1510 summo
979 1441 1022 1509 ad
1048 1443 1155 1510 imum
1171 1441 1253 1510 fissa
1267 1448 1329 1511 est.

329 1539 481 1623 Godfrey
495 1540 643 1610 calcibus
657 1541 809 1623 diffregit
825 1563 900 1609 eam
925 1564 966 1609 ex
991 1549 1139 1624 utraque
1164 1550 1271 1624 parte,
1293 1549 1329 1611 et

328 1662 505 1723 egressum
520 1647 643 1710 nactus
656 1641 792 1723 erepsit,
807 1641 998 1710 Simmonds
1012 1649 1186 1724 sequente.

412 1741 479 1809 Mei
494 1742 568 1810 fere
582 1741 691 1822 impos
713 1741 859 1823 denique
874 1748 909 1810 et
924 1763 989 1823 ego
1004 1764 1058 1809 me
1073 1764 1114 1810 eo
1129 1742 1267 1822 contuli,
1289 1764 1328 1810 ac

330 1846 407 1922 post
422 1862 532 1923 pauca
554 1848 727 1909 momenta
753 1842 940 1910 caecutiens
965 1849 1000 1910 et
1026 1843 1177 1924 palpans,
1204 1842 1329 1910 iterum

330 1940 424 2022 foris,
440 1941 474 2009 in
491 1941 622 2010 ambitu
639 1963 693 2009 me
709 1942 828 2023 reperi.
855 1941 909 2010 Ad
934 1950 1038 2024 caput
1060 1942 1231 2023 graduum
1257 1964 1331 2024 per·

329 2041 419 2122 veni,
445 2041 537 2110 unde
559 2041 675 2110 videre
702 2049 856 2124 poteram
880 2042 1031 2124 Godfrey
1058 2043 1182 2110 ostium
1198 2050 1331 2111 tentan-

330 2147 411 2222 tem,
427 2148 502 2210 tum
518 2141 553 2210 in
569 2141 709 2222 ambitu,
736 2142 770 2210 in
797 2141 984 2224 pedeplano
1008 2150 1099 2210 retro
1125 2149 1264 2210 euntem
1286 2143 1329 2210 ad

331 2240 495 2323 posticam
521 2242 672 2311 domum.
706 2242 800 2310 Intra
825 2249 1038 2310 momentum
1054 2241 1215 2324 temporis
1230 2242 1332 2310 eiula-

331 2345 407 2409 tum
433 2341 671 2424 quiritantium
697 2342 877 2422 mulierum
903 2342 1029 2423 audivi,
1057 2350 1097 2410 ut
1122 2341 1196 2410 fere
1221 2341 1330 2424 capilli

332 2440 416 2509 mihi
431 2441 534 2510 erecti
549 2448 689 2511 starent.

415 2541 707 2624 Quemadmodum
723 2541 851 2623 gradus
875 2543 1074 2623 traiecerim,
1098 2542 1190 2611 haud
1217 2543 1333 2611 memi-

331 2640 385 2720 ni,
407 2641 465 2710 sed
481 2643 515 2710 in
530 2642 716 2725 pedeplano
732 2664 796 2724 ego
812 2664 947 2724 quoque
963 2651 1150 2711 retrorsum
1165 2643 1211 2712 ivi
1227 2651 1262 2711 et
1276 2665 1333 2711 ex·

331 2743 482 2823 spectavi
498 2765 632 2825 quoque
646 2750 819 2812 momento
834 2766 888 2811 me
904 2743 1016 2811 nescio
1031 2744 1065 2811 in
1090 2765 1192 2825 quem
1219 2743 1332 2812 horto

331 2863 403 2911 rem
415 2842 625 2925 illapsurum.
648 2844 792 2912 Perveni
808 2843 850 2911 ad
875 2844 1012 2912 ianuam
1027 2845 1189 2926 patulam,
1205 2844 1334 2926 ingres·

332 2963 456 3024 susque
473 2964 533 3025 per
548 2965 633 3022 eam,
649 2943 684 3010 in
700 2943 867 3011 lavatrina
882 2965 936 3010 me
959 2951 1106 3011 stantem
1122 2944 1242 3026 reperi,
1258 2965 1333 3025 gre·

333 3063 377 3124 ge
391 3042 648 3124 perterritorum
663 3043 983 3125 indignantiumoue
997 3044 1177 3112 mulierum
1193 3044 1333 3112 circum·

334 3140 445 3224 datus,
460 3164 538 3225 quae
551 3144 672 3225 vagitu
689 3151 724 3211 et
738 3143 920 3211 eiulatione
935 3165 990 3211 me
1005 3151 1220 3225 exceperunt.

417 3242 568 3312 Ulterius
581 3243 629 3311 ire
646 3265 753 3325 quum
770 3242 956 3324 nequirem,
970 3243 1005 3310 in
1021 3243 1175 3311 cistulam
1197 3243 1333 3312 obviarn

334 3342 515 3424 languidus
530 3343 674 3423 consedi,
689 3343 835 3424 indeque
851 3365 908 3411 eas
922 3344 1081 3424 spectavi.

419 3443 496 3511 Non
511 3443 657 3512 diffiteor
673 3443 852 3511 ridiculum
875 3464 930 3511 me
955 3443 1138 3525 praebuisse
1162 3451 1333 3526 spectacu-

334 3542 415 3624 lum,
431 3543 521 3624 quod
537 3549 572 3612 et
587 3566 606 3612 e
621 3543 742 3624 vagitu
758 3543 792 3610 in
809 3543 992 3611 submissos
1005 3542 1185 3611 cachinnos
1200 3551 1334 3612 mutato

335 3642 418 3712 satis
432 3643 599 3723 intellexi;
621 3651 657 3711 at
673 3665 784 3711 meam
799 3643 945 3724 liguram
969 3665 1107 3724 prorsus
1132 3643 1213 3712 nihil
1239 3644 1333 3725 pensi

335 3741 449 3824 habui,
464 3765 527 3812 nec
543 3743 652 3825 qualis
677 3743 945 3824 inspectantibus
971 3764 1169 3824 apparerem
1196 3764 1336 3825 prorsus

334 3843 462 3912 curavi.
489 3844 562 3926 Ego
576 3865 685 3925 usque
700 3842 744 3910 ibi
761 3841 918 3910 sedebam
934 3864 1041 3924 quum
1058 3842 1208 3924 Godfrey
1232 3843 1334 3911 anhe-

334 3944 388 4012 lus
412 3943 511 4012 rediit
536 3943 641 4012 oculis
670 3943 720 4011 ira
748 3942 981 4023 flagrantibus.
1009 3943 1130 4024 Operae
1145 3942 1332 4023 lavatrinae,

340 4044 432 4114 haud
449 4044 577 4126 ignarae
591 4050 753 4112 eventum
770 4043 915 4124 aliquem
931 4049 1028 4110 extra
1054 4064 1168 4111 rerum
1183 4044 1336 4112 ordinem

334 4145 486 4214 tumultu
514 4143 704 4226 significari,
733 4165 812 4210 eum
842 4142 1154 4223 circumduxerunt,
1181 4143 1241 4212 sed
1262 4143 1334 4225 ipse

334 4245 426 4314 viam
453 4266 513 4327 per
539 4244 676 4313 turbam
705 4242 848 4325 aperuit,
876 4251 916 4311 ut
941 4243 985 4311 ad
1012 4243 1200 4311 institorem
1216 4265 1334 4326 perve-

334 4347 434 4415 niret.

417 4445 477 4516 “In
493 4445 745 4527 contignatione
760 4443 922 4525 superiori
950 4445 1058 4512 scelus
1083 4451 1135 4512 est
1161 4450 1333 4525 perpetra·

333 4555 409 4620 tum
423 4545 635 4629 infandum,''
651 4545 780 4615 affatur
794 4565 883 4614 eum.
907 4542 987 4613 “Vir
1002 4543 1055 4613 hic
1081 4543 1177 4615 iuxta
1199 4565 1254 4613 me
1275 4543 1333 4614 ad·
