3150 5468
365 1182 428 1252 128
622 1197 832 1252 uvsrnnmu
852 1198 960 1254 anon
980 1194 1098 1255 noum

442 1365 559 1434 Lentis
572 1365 745 1448 gressibus
758 1367 874 1451 itaque
888 1367 923 1436 in
938 1367 1077 1437 domum
1088 1367 1282 1451 redivimus,
1293 1390 1363 1452 quo

358 1467 461 1548 facto,
484 1465 635 1549 Godfrey
654 1466 697 1536 ad
723 1489 836 1537 arcam
859 1467 1003 1537 ulterius
1027 1467 1266 1551 explorandam
1286 1490 1365 1538 oon·

443 1663 561 1735 “Vires
582 1687 675 1735 meas
695 1667 831 1736 omnino
856 1667 1019 1750 excedit,”
1044 1667 1182 1737 tandem
1211 1668 1363 1764 fatetur;

359 1763 442 1835 “nec
468 1765 532 1834 alio
557 1787 612 1834 me
632 1765 733 1835 modo
757 1766 888 1836 confido
912 1767 1064 1837 forulum
1089 1768 1236 1851 reperire
1265 1789 1362 1852 posse

290 1925 295 1937 .
360 1887 464 1950 quam
479 1865 597 1934 securi.
621 1865 699 1935 Non
712 1873 827 1936 tamen
842 1866 937 1936 lubet
963 1866 1062 1937 istam
1085 1889 1156 1936 rem
1177 1868 1363 1938 comminu-

360 1988 417 2036 ere
431 1965 493 2010 -'’

443 2064 498 2134 “N
499 2087 537 2134 ec
551 2064 675 2134 miror!
698 2064 736 2134 Id
750 2066 841 2134 enim
855 2073 943 2135 esset
957 2067 1053 2149 quasi
1079 2067 1247 2138 Venerem
1268 2067 1363 2138 Milo·

359 2167 451 2236 niam
465 2163 705 2234 contundere.”

444 2265 531 2336 “Vix
546 2272 682 2334 tantum
696 2273 784 2335 esset
798 2267 905 2335 nefas.
921 2266 1051 2336 Tamen
1063 2267 1099 2336 in
1113 2267 1271 2351 prasenti
1285 2290 1362 2338 eam

358 2366 451 2437 haud
464 2365 728 2447 confringemus
751 2366 942 2437 Enchiridia
956 2366 998 2436 de
1012 2367 1152 2438 occultis
1165 2367 1287 2438 forulis
1296 2369 1362 2453 pri-

360 2489 403 2537 us
416 2464 572 2535 evolvam
598 2499 639 2509 -
665 2464 792 2548 aliquid
817 2465 962 2535 fortasse
987 2467 1079 2550 quod
1100 2467 1182 2536 mihi
1197 2467 1275 2537 usui
1288 2489 1362 2538 esse

361 2565 466 2650 possit
480 2564 677 2648 reperiam.”

443 2663 514 2754 “Ac
528 2664 697 2746 tandem,’'
713 2686 771 2747 spe
786 2664 937 2735 deiectus
952 2666 1117 2750 respondi,
1133 2665 1298 2751 “idgenus
1311 2668 1363 2739 fo

360 2765 453 2835 rulos
466 2764 565 2847 plane
579 2785 647 2832 non
663 2771 795 2833 exstare
810 2765 985 2849 reperies.'’

444 2864 510 2935 Sed
526 2863 676 2946 Godirey
689 2872 779 2933 nutu
794 2865 912 2948 capitis
925 2866 959 2936 id
975 2867 1124 2949 negavit

444 2963 539 3048 “Ego
553 2985 645 3044 vero,
658 2964 705 3032 mi
722 2964 849 3046 Lester,
864 2965 927 3034 hac
948 2966 983 3034 in
1005 2987 1042 3035 re
1068 2966 1129 3036 tibi
1152 2967 1290 3037 minime
1312 2989 1363 3038 as·

360 3066 496 3137 sentior.
511 3064 665 3134 Paciscor
679 3072 793 3133 tecum
808 3064 981 3135 lurconem
1002 3088 1093 3149 eum,
1118 3067 1178 3150 qui
1202 3089 1265 3138 nos
1290 3089 1363 3152 spe

360 3165 549 3245 culabatur,
562 3163 624 3232 hos
637 3163 709 3232 sine
723 3162 836 3232 labore
851 3172 1022 3234 momento
1033 3165 1195 3249 temporis
1204 3188 1301 3250 posse
1312 3188 1363 3237 re-

360 3264 501 3350 mma„

445 3363 565 3434 “Certe
579 3362 649 3445 ipse
664 3383 829 3445 perquam
843 3363 1027 3434 verebatur
1041 3386 1085 3435 ne
1106 3372 1147 3436 tu
1169 3388 1305 3450 quoque
1327 3367 1361 3438 id

444 3563 544 3633 “Non
560 3562 631 3632 sine
646 3562 778 3643 causa,”
793 3562 915 3632 acriter
937 3563 1043 3633 refert
1066 3564 1227 3649 Godrrey.
1258 3565 1363 3639 “Cras

359 3666 485 3735 iterum
500 3661 663 3746 agrediar.
686 3661 803 3731 Unum
816 3669 932 3731 tamen
946 3662 1141 3748 videndum,
1164 3688 1209 3736 ne
1234 3667 1364 3738 amicus

359 3772 484 3844 noster,
500 3761 558 3844 qui
573 3760 678 3830 oculis
690 3760 754 3830 illis
766 3761 964 3832 ardentibus
978 3771 1039 3844 est,
1054 3785 1117 3834 nos
1136 3768 1362 3837 antevertat”

446 3860 608 3932 “Tabulae
632 3859 698 3928 illae
726 3860 808 3929 satis
829 3860 937 3931 firmae
958 3863 1071 3945 sunt,”
1097 3865 1264 3948 respondi,
1279 3864 1362 3937 “nec

361 3962 470 4035 Parks
484 3961 611 4031 stultus
625 3960 708 4028 est.”

444 4062 555 4132 “Vera
570 4059 767 4140 memoras,”
790 4059 911 4141 probat
927 4060 1088 4145 Godfrey,
1103 4061 1192 4134 “fori
1217 4064 1264 4135 illi
1279 4066 1362 4137 satis

361 4171 442 4235 sunt
457 4160 546 4232 firmi
562 4195 602 4204 -
617 4158 713 4227 denis
727 4158 868 4228 minutis
883 4181 962 4229 eum
978 4161 1144 4233 arcebunt
1159 4200 1199 4209 -
1214 4165 1273 4234 vix
1287 4165 1361 4236 diu·

361 4264 440 4334 tius.
462 4259 560 4342 Quod
576 4258 619 4328 ad
634 4257 743 4327 Parks
766 4258 900 4342 attinet,
925 4259 953 4329 is
977 4260 1036 4330 vix
1060 4261 1149 4332 dena
1163 4263 1298 4335 minuta
1312 4287 1362 4336 se·

361 4363 473 4434 cunda
488 4361 637 4431 duraret.
659 4358 713 4428 Tu
730 4358 868 4442 quidem
884 4359 1090 4443 singularem
1106 4362 1209 4433 huius
1223 4364 1362 4436 nebulo-

360 4464 414 4534 nis
427 4461 574 4532 indolem
588 4481 708 4542 capere
723 4481 792 4528 non
808 4459 963 4530 videris”
