3150 5468
644 2387 794 2458 CAPUT
816 2387 876 2456 XX

661 2574 853 2653 Effupium.

342 2760 634 2840 Qnrznnnnonun
648 2757 797 2836 Godirey
811 2756 979 2838 paulisper
994 2778 1097 2838 supra
1112 2755 1260 2824 cadaver

261 2859 481 2937 inclinaverit,
499 2859 598 2939 idque
616 2867 757 2939 stupens
781 2858 961 2937 aspexerit,
988 2864 1022 2926 et
1049 2865 1123 2924 tum
1150 2854 1263 2924 subito

260 2969 335 3026 cato
363 2959 482 3038 vagitu
511 2981 570 3039 per
597 2968 749 3039 apertam
777 2961 867 3028 illam
895 2958 1032 3026 ianuam
1059 2955 1264 3038 proruperit,

260 3060 401 3127 confuse
418 3069 552 3126 tanturn
568 3060 714 3126 memini.
738 3059 869 3128 Alicubi
892 3059 994 3125 ianua
1009 3078 1134 3139 magno
1150 3055 1262 3124 sonitu

261 3161 404 3240 impulsa
421 3159 621 3240 percrepuit,
639 3160 801 3240 strepitus
816 3159 941 3241 pedum
968 3156 1178 3226 currentium
1204 3177 1264 3224 au·

262 3259 428 3337 dicbatur,
445 3268 480 3326 et
495 3268 680 3339 antequam
708 3260 779 3328 sive
806 3281 870 3340 ego
887 3259 957 3327 sive
973 3256 1166 3328 Simmonds
1180 3254 1262 3338 quid

262 3359 428 3426 evenisset
445 3360 734 3439 intellexissemus,
751 3359 901 3441 Godfrey
918 3359 984 3426 iarn
1001 3358 1124 3427 iterum
1149 3357 1183 3425 in
1207 3377 1264 3425 cu·

263 3460 409 3526 biculunr
428 3481 594 3538 reversus
612 3460 644 3526 id
663 3482 730 3527 uno
746 3462 833 3529 saltu
853 3459 1053 3541 pervolavit,
1067 3456 1109 3526 ad
1126 3457 1264 3526 ianuam

266 3563 478 3640 procucurrit
508 3560 540 3626 in
567 3560 732 3628 ambitum
759 3560 941 3628 ducentem
968 3558 1080 3642 paullo
1101 3566 1181 3627 ante
1207 3556 1267 3625 im·

263 3660 403 3740 pulsam.

347 3759 421 3826 Vidi
438 3781 516 3826 curn
534 3759 747 3827 acerbissimo
763 3769 886 3829 conatu
903 3781 1021 3828 ansam
1034 3766 1176 3838 tentare,
1188 3765 1264 3826 tum

262 3860 347 3927 duos
363 3882 499 3938 messus
516 3860 680 3939 recedere,
708 3883 810 3942 seque
838 3860 994 3928 omnibus
1021 3859 1151 3927 viribus
1167 3858 1201 3926 in
1218 3858 1264 3926 ia·

263 3982 366 4027 nuarn
385 3961 603 4041 praecipitare.
628 3960 707 4029 Haec
725 3970 838 4029 tarnen
855 3961 1020 4041 impeturn
1036 3958 1178 4027 firmiter
1191 3979 1263 4028 sus·

263 4061 374 4138 tinuit,
400 4083 505 4140 uuunr
532 4083 572 4127 ex
590 4060 720 4128 ambitu
744 4061 827 4128 foris
852 4059 1035 4127 cachinnus
1061 4058 1263 4127 audiebatur

262 4160 451 4237 derisorius,
469 4182 536 4240 quo
553 4161 633 4228 mihi
650 4162 722 4229 fere
736 4161 874 4241 sanguis
898 4159 1011 4240 riguit.

347 4259 441 4326 “Huc
459 4259 582 4335 venite,
600 4261 688 4328 fatui
700 4260 728 4326 !'’
745 4263 840 4341 vagit
855 4258 1014 4328 dentibus
1039 4258 1161 4341 pressis
1176 4255 1264 4326 God-

263 4360 347 4440 frey.
371 4359 514 4426 “Nonne
532 4360 653 4428 ridetis
667 4383 746 4428 eurn
770 4359 970 4440 effugeret*

344 4459 533 4527 Simmonds
543 4484 596 4526 rne
607 4461 744 4527 celerior
754 4469 837 4538 erat;
848 4481 938 4528 nunc
949 4460 1048 4527 simui
1059 4459 1170 4527 ianuae
1178 4457 1264 4527 irru-

259 4569 331 4627 unt„
351 4560 408 4628 illa
425 4559 588 4627 stridebat
605 4560 750 4642 quidem,
767 4559 825 4628 sed
844 4581 949 4644 usque
962 4558 1142 4641 sustinuit;
1155 4565 1264 4628 tenta·
