3128 5016
594 823 719 875 nauus
741 822 961 874 vucnsnnm
1240 803 1281 872 25

279 1013 352 1074 ger.
376 990 451 1060 “Tu
467 990 661 1058 existimare
677 989 804 1058 videris
819 988 911 1057 hunc
938 1010 1052 1057 casum
1075 988 1192 1057 fuisse.
1210 988 1282 1056 Hoc

279 1091 371 1160 enim
386 1091 499 1173 paullo
514 1097 595 1158 ante
610 1088 880 1158 asseveravisti.”

364 1189 543 1258 “Fortasse
574 1189 688 1271 paullo
718 1188 819 1256 nimis
849 1211 1000 1272 praeceps
1029 1189 1113 1270 fui,'’
1150 1190 1283 1259 fatetur

280 1290 452 1372 Godfrey;
469 1311 533 1373 ego
550 1311 632 1357 vero
648 1288 844 1371 suspicabar
859 1311 949 1371 eum,
966 1311 1112 1372 quaeque
1128 1311 1190 1358 sua
1209 1311 1284 1358 sen-

280 1390 389 1459 tentia
414 1390 548 1470 fuisset,
573 1389 609 1457 in
636 1410 677 1457 ea
692 1395 936 1471 perstaturum.
975 1387 1100 1458 “Nulla
1125 1389 1283 1472 equidem

280 1512 346 1573 ego
361 1490 583 1570 theoremata,
600 1489 793 1571 usquedum
810 1489 892 1571 quid
907 1489 990 1559 certi
1006 1490 1150 1559 habeam
1165 1489 1220 1558 cui
1235 1488 1284 1556 in·

280 1591 409 1671 sistam,
425 1589 588 1659 conflabo.
612 1589 717 1657 Facta
732 1589 913 1658 suicidium
929 1591 1092 1670 suadent;
1118 1611 1240 1658 verum
1256 1588 1284 1658 si

280 1689 416 1760 acidum
433 1689 651 1758 Borussicum
667 1689 829 1770 hauserit,
845 1689 903 1757 uhi
918 1698 970 1758 est
994 1690 1122 1772 phiala?
1159 1690 1282 1758 Annon

281 1791 385 1859 etiam
400 1812 476 1859 eam
493 1789 717 1871 deglutivit?”

365 1890 543 1959 “Fortasse
558 1911 635 1957 eam
651 1889 685 1956 in
697 1889 810 1970 aliquo
821 1890 1032 1957 sacculorum
1045 1890 1283 1971 reperiemus?

281 2000 381 2074 putat
397 1989 599 2060 Simmonds.

365 2090 417 2160 Sic
432 2090 628 2159 admonitus
654 2088 862 2170 Goldberger
877 2089 920 2157 ad
936 2089 1183 2171 perquirendos
1198 2111 1285 2158 mor-

281 2191 332 2259 tui
349 2191 500 2259 sacculos
514 2189 673 2272 perrexit.
697 2188 903 2257 Indumenta
918 2211 936 2257 e
951 2189 1060 2258 viliori
1077 2190 1220 2258 materia
1235 2191 1285 2258 fa-

280 2300 346 2372 cta,
363 2312 425 2359 nec
441 2289 624 2358 admodum
642 2310 732 2356 nova
748 2289 902 2370 fuerunt,
918 2289 967 2357 ita
982 2297 1022 2357 ut
1037 2290 1139 2358 vivus
1150 2311 1283 2372 parurn·

282 2413 343 2474 per
358 2391 548 2458 tenuiorem
563 2389 704 2472 parebat
721 2396 896 2470 aspectum
914 2411 985 2470 prae
1001 2411 1036 2458 se
1052 2390 1180 2459 tulisse.
1196 2391 1285 2459 Inte·

282 2490 350 2559 rior
368 2490 523 2559 sacculus
539 2489 664 2558 tunicae
678 2510 875 2556 crumenam
891 2489 1021 2557 celabat
1047 2511 1124 2558 cum
1151 2489 1285 2559 duabus

284 2590 423 2660 tesseris
439 2589 652 2671 argentariis,
671 2610 740 2656 una
756 2588 1029 2670 decentussium,¹
1042 2589 1288 2671 quincentussi·

282 2712 341 2758 um
351 2691 467 2770 altera,
474 2689 509 2757 in
518 2688 583 2757 adia
592 2710 674 2756 vero
683 2689 891 2769 crumenula,
899 2710 1000 2771 quam
1009 2689 1044 2757 in
1054 2689 1286 2758 sacculobrac·

280 2812 399 2859 carum
415 2789 567 2872 gerebat,
581 2787 712 2856 inventi
727 2795 809 2856 sunt
824 2788 892 2856 duo
908 2789 962 2856 vel
978 2797 1048 2858 tres
1062 2798 1236 2858 centusses
1249 2789 1285 2857 in

281 2891 431 2959 nummis
460 2889 641 2971 argenteis,
669 2895 772 2969 atque
798 2895 947 2970 quatuor
963 2889 1106 2971 quinari,
1123 2889 1284 2960 Francici.

282 2989 462 3069 Praeterea,
478 2989 513 3056 in
529 2988 648 3056 maiori
664 3009 826 3056 crumena
840 2987 954 3070 quinae
978 3009 1138 3070 senaeque
1160 2989 1194 3057 in
1217 3011 1285 3057 uno

281 3090 390 3159 loculo
406 3088 557 3158 eiusdem
575 3087 721 3156 conditae
736 3087 878 3170 pagellae
894 3088 1169 3157 nomenclatoriae
1190 3088 1286 3158 varia

281 3190 419 3258 nomina
434 3190 596 3269 ferentes,
612 3188 705 3256 nulla
721 3195 835 3255 tamen
853 3187 990 3256 ferebat
1006 3209 1118 3270 suum,
1143 3188 1286 3270 reperie-

282 3290 420 3359 bantur.
448 3289 515 3359 Uni
542 3311 662 3358 earum
687 3287 809 3356 titulus
836 3287 983 3356 Vantine
1009 3288 1192 3371 inscriptus
1217 3289 1286 3358 fuit

282 3390 458 3472 graphide.

367 3491 480 3558 Nullae
507 3491 647 3570 litterae,
667 3488 770 3555 nullae
797 3487 940 3568 schedae,
966 3489 1099 3557 nullum
1122 3489 1286 3570 scriptum

282 3591 526 3659 documentum
542 3589 775 3669 cuiuscunque
802 3588 938 3669 generis
953 3587 987 3656 in
1005 3588 1148 3658 sacculis
1171 3589 1288 3657 inven-

282 3699 328 3759 tae
343 3696 434 3769 sunt;
450 3697 583 3758 caeterae
599 3695 766 3756 reserant
782 3687 957 3770 eiusmodi,
974 3710 1059 3770 quas
1074 3688 1286 3771 quiscunque

281 3792 316 3858 in
332 3790 474 3858 sacculis
488 3797 624 3871 gestare
636 3795 749 3870 posset
761 3823 801 3831 -
813 3787 1060 3871 horologiolum
1074 3788 1201 3858 nullius
1212 3810 1287 3871 pre-

384 3976 407 4025 1.
425 3971 619 4024 Decentuases
648 3990 686 4018 =
708 3972 775 4030 810;
809 3975 922 4022 tessera
951 3970 1136 4036 argentario,
1170 3973 1286 4037 pecunia

281 4039 433 4099 chartacea:
447 4039 672 4119 quincentusses
684 4055 722 4083 z
734 4038 774 4096 552
787 4036 947 4103 quinarius
960 4038 1107 4091 Francicus
1120 4055 1158 4083 =
1176 4042 1214 4099 lc,
1228 4056 1285 4092 mo-

283 4110 347 4158 neta
365 4107 536 4158 Amencsnd.
