3128 5016
621 824 810 880 sucnrruu
831 822 939 878 onom
1216 805 1280 874 265

277 1001 492 1074 transgessus
508 991 599 1061 viam
614 1013 735 1060 versus
750 990 889 1061 mbram
916 989 1117 1072 lampadem,
1140 988 1280 1058 ianuam

279 1093 397 1176 impuli
414 1100 448 1162 et
464 1093 600 1161 intravi.

359 1194 468 1262 Nemo
477 1192 558 1261 mihi
567 1191 703 1261 obviam
714 1193 781 1261 fuit
793 1192 855 1261 nisi
867 1190 1003 1262 decurio
1012 1190 1054 1260 ad
1063 1190 1274 1273 scriptoriam

281 1293 412 1363 sedens

363 1393 531 1463 “Nomine
553 1416 656 1464 vocor
680 1394 828 1474 Lester,”
852 1394 1006 1475 alloquor
1027 1414 1115 1462 eum.
1138 1391 1282 1460 “Arcam

282 1495 334 1563 hic
358 1494 491 1563 habetis
512 1516 591 1576 quae
614 1495 657 1563 ad
686 1494 775 1562 bona
805 1493 941 1563 residua
969 1492 1112 1574 Philippi
1135 1491 1283 1561 Vantine

280 1595 443 1676 spectat.”

365 1694 511 1763 “Arcam
526 1694 663 1776 quidem
679 1694 732 1762 hic
747 1701 838 1763 certe
854 1693 1030 1775 habemus,
1044 1691 1103 1762 sed
1121 1691 1218 1761 cuius
1239 1680 1283 1759 sit

282 1795 432 1876 ignoro?
848 1866 852 1876 ,

366 1894 440 1963 “Ad
455 1894 544 1963 bona
560 1894 632 1962 heri
649 1894 795 1963 Vantine
810 1915 850 1962 ea
865 1893 1048 1976 pertinet.''

367 1993 431 2063 “Et
455 1995 535 2076 quid
561 1994 681 2063 tum?”
712 1994 835 2076 quaerit
865 2014 919 2061 me
948 2000 1134 2075 aspectans,
1165 1998 1284 2061 utrum

283 2095 396 2163 ebrius
410 2116 477 2162 non
494 2095 566 2162 sim.
590 2094 688 2162 “Non
704 2094 859 2162 existimo
874 2099 909 2160 te
923 2092 991 2161 huc
1006 2092 1116 2160 media
1131 2098 1230 2160 nocte
1240 2089 1284 2158 ad

283 2196 345 2264 hoc
362 2218 416 2263 me
432 2195 621 2263 docendum
637 2194 810 2264 venisse?”

366 2295 464 2362 “Non
480 2293 556 2363 ideo
571 2294 668 2374 veni;
690 2315 811 2362 verum
827 2315 940 2363 arcam
964 2292 1080 2376 paucis
1105 2290 1286 2361 momentis

286 2397 401 2466 videre
417 2396 570 2464 vellem.’'

368 2495 461 2564 “Hac
476 2503 575 2564 nocte
601 2516 676 2564 eam
702 2495 817 2564 videre
842 2517 910 2563 non
936 2494 1072 2576 poteris.
1109 2492 1196 2562 Veni
1219 2493 1286 2562 huc

284 2619 368 2665 cras.
392 2597 563 2665 Praeterea
577 2617 639 2664 nec
655 2603 690 2664 te
706 2596 817 2663 novi.”

368 2696 441 2764 “En
472 2695 770 2764 nomenclatoriam
800 2717 922 2764 meam.
958 2694 1036 2764 Sive
1064 2693 1168 2762 herus
1203 2692 1287 2762 Sim-

285 2797 413 2877 mondS,
430 2797 501 2865 sive
518 2796 621 2864 herus
636 2795 750 2876 Grady
766 2817 820 2864 me
841 2801 1036 2876 agnoscent.
1053 2793 1118 2863 Sed
1131 2815 1205 2862 cras
1219 2793 1286 2861 iam

285 2920 360 2965 sero
375 2897 470 2964 erit.’'

370 2996 513 3065 Decurio
539 2999 677 3078 accepta
704 2994 846 3078 pagella,
873 3017 949 3064 eam
973 2995 1114 3077 aspexit,
1138 3000 1210 3062 tum
1231 3014 1287 3062 me

287 3097 472 3177 contuitus,

370 3197 558 3278 “Exspecta
580 3195 783 3276 modicum,’'
799 3195 909 3277 inquit
931 3195 1086 3277 denique,
1102 3216 1141 3263 ac
1156 3216 1216 3276 per
1232 3216 1288 3277 po

287 3298 405 3366 sticam
422 3297 559 3365 ianuam
575 3295 735 3364 discessit.
751 3296 832 3364 Tria
846 3303 907 3364 aut
922 3303 1071 3378 quatuor
1084 3295 1218 3363 minuta
1232 3294 1289 3362 ab

288 3399 365 3476 tuit,
381 3404 416 3465 et
431 3397 513 3464 dum
528 3396 572 3463 ibi
588 3396 719 3464 stabam
743 3395 955 3478 horologium
981 3394 1136 3464 stationis
1159 3394 1287 3463 duode-

287 3499 352 3566 cim
369 3496 493 3564 sonuit.
515 3495 660 3564 Sonoros
674 3496 763 3564 ictus
777 3518 816 3564 ac
832 3496 1008 3565 distinctos
1023 3516 1156 3564 mecum
1172 3515 1290 3562 nume-

290 3597 372 3677 ravi,
400 3604 435 3664 et
464 3595 617 3663 insecuto
647 3595 778 3664 silentio
811 3596 1131 3678 exspectationeque
1166 3614 1290 3662 manus

290 3719 376 3764 meae
391 3704 538 3764 tremere
563 3703 750 3777 coeperunt.
773 3696 862 3777 Quid
884 3697 911 3763 si
936 3695 1050 3776 Grady
1066 3693 1149 3762 mihi
1163 3693 1291 3775 ingres

290 3818 365 3864 sum
381 3795 509 3876 neget?
531 3796 660 3863 Tamen
676 3795 812 3863 decurio
827 3795 974 3877 denique
989 3793 1098 3863 rediit.

374 3895 526 3964 “Accede
541 3896 616 3974 sis,'’
632 3896 738 3976 fatur,
754 3917 860 3977 pansa
874 3896 1098 3964 cancellorum
1125 3897 1233 3976 ports,
1255 3901 1290 3963 et

291 3997 381 4065 viam
397 3994 567 4063 indicavit.
590 3994 717 4063 “Recta
732 4017 793 4077 per
808 4016 883 4063 eam
905 3993 1075 4074 ianuam,'’
1090 3994 1216 4075 subdit,
1231 3994 1292 4063 ite

290 4118 436 4180 rumque
450 4094 494 4166 ad
508 4093 716 4178 scriptoriam
732 4095 865 4166 resedit
