3150 5468
301 1210 364 1280 164
484 1199 486 1202 ’
570 1227 776 1283 ursmarum
793 1229 899 1284 anca
916 1222 1033 1284 nourr

300 1394 438 1479 vidique
453 1416 533 1465 eum
548 1395 582 1465 in
598 1417 652 1466 me
668 1418 777 1479 usque
802 1396 891 1467 bono
905 1419 978 1467 esse
993 1396 1115 1466 animo.
1152 1396 1301 1480 Refugio

299 1515 362 1578 pro
376 1502 512 1565 senecta
525 1495 748 1580 indigemus”

385 1595 518 1666 Furtim
532 1596 754 1667 observabam
780 1598 919 1681 Rogers,
934 1605 1142 1681 stupensque
1157 1597 1301 1681 cognovi

301 1716 381 1766 eum
406 1695 494 1766 hanc
518 1697 694 1767 mulierem
720 1719 829 1781 usque
854 1698 958 1768 animi
972 1698 1152 1768 affectione
1171 1698 1300 1768 fovere.

302 1795 490 1880 Refugium
505 1805 664 1880 paratum
678 1820 751 1869 esse
766 1798 956 1882 videbatur,
972 1799 1000 1869 si
1016 1798 1110 1869 Iuliae
1125 1798 1237 1869 visum
1252 1819 1302 1868 es·

301 1904 354 1967 set
369 1898 513 1968 salutem
529 1919 627 1968 suam
641 1898 696 1968 hic
711 1920 875 1982 quaerere.

386 1995 629 2080 “Aliquantum
655 1999 840 2081 dubitavi‚”
865 1999 943 2069 dein
969 1999 1154 2082 subiunxit,
1170 1998 1301 2082 “gratia

301 2097 364 2180 tui,
378 2119 455 2168 mea
470 2097 571 2181 Hera,
597 2098 736 2169 ubinam
761 2099 926 2182 ancillam,
950 2100 1017 2170 mei
1033 2099 1184 2182 similem,
1206 2099 1298 2169 Hera

302 2197 475 2282 repererit.
497 2198 601 2268 Nulla
625 2207 750 2282 praeter
774 2221 829 2269 me
854 2199 964 2270 crines
987 2222 1067 2270 suos
1089 2207 1130 2270 ut
1144 2221 1209 2283 ego
1223 2220 1300 2269 con·

300 2297 437 2369 cinnare
452 2298 560 2369 sciens
574 2306 626 2369 est
641 2335 682 2345 -
697 2301 790 2370 nulla
804 2300 867 2369 nisi
883 2322 947 2384 ego
961 2301 1121 2371 balneum
1135 2321 1300 2384 apparare

301 2400 395 2470 valet
411 2453 419 2468 .
436 2453 444 2468 .
461 2399 491 2468 .''

384 2499 455 2570 “Ea
469 2522 577 2584 quum
592 2502 671 2570 solae
686 2501 855 2571 fuerimus
877 2501 1104 2582 dirimemus,”
1128 2500 1301 2585 respondit

299 2608 455 2672 matrona
468 2602 591 2671 velata
613 2599 763 2672 “Verum
777 2623 878 2683 nunc,
893 2601 961 2672 eris
983 2602 1128 2672 fortasse
1150 2608 1222 2672 tam
1243 2600 1301 2671 bo

298 2723 344 2772 no
358 2701 393 2771 in
408 2723 463 2772 me
477 2701 600 2785 animo,
615 2708 656 2772 ut
670 2701 763 2784 mihi,
789 2701 871 2784 quid
886 2709 987 2772 antea
1001 2702 1069 2772 huc
1084 2702 1228 2784 veneris,
1244 2723 1300 2772 ex-

302 2801 435 2887 pheos-n

384 2901 568 2987 “AEquum,
594 2903 686 2975 Hera
710 2924 796 2984 mea,
822 2904 1003 2986 postulas,”
1030 2925 1133 2987 seque
1159 2903 1194 2972 in
1220 2903 1300 2973 sella

300 3003 509 3074 commodius
523 3005 692 3088 disposita,
717 3003 803 3074 Iulia
825 3003 954 3086 pergit:
988 3002 1070 3074 “Die
1096 3003 1244 3088 quodam
1265 3003 1300 3072 in

301 3103 382 3173 navi
396 3103 521 3187 evenit,
546 3112 587 3174 ut
612 3127 720 3188 quum
746 3103 780 3172 in
806 3111 960 3173 vectores
975 3104 1086 3174 tertiae
1109 3103 1224 3174 classis
1247 3102 1304 3172 de·

301 3210 499 3288 spectarem,
535 3204 841 3275 animadverterem
882 3204 1066 3287 Georgium
1102 3239 1144 3250 -
1179 3204 1301 3274 herum

301 3303 431 3375 Drouet
446 3340 487 3351 -
502 3306 611 3375 solum
625 3304 849 3375 oberrantem.
868 3304 934 3385 Me,
945 3312 986 3374 ut
1000 3304 1048 3374 ita
1063 3304 1181 3386 dicam,
1196 3303 1302 3374 omni-

300 3425 346 3474 no
371 3427 525 3474 aversam
549 3413 585 3475 et
610 3406 787 3475 contusam
813 3406 900 3476 sensi
916 3404 1114 3487 necopinato
1129 3426 1209 3474 eum
1224 3426 1302 3474 con·

301 3504 490 3589 spiciendo;
512 3505 633 3575 deinde
647 3506 719 3589 ipso
734 3528 869 3576 sursum
891 3512 1065 3588 spectante
1080 3505 1227 3576 intuitus
1241 3527 1301 3575 no·

300 3605 362 3676 stri
376 3613 632 3688 concurrerunt,
657 3628 726 3689 quo
740 3607 842 3689 facto,
858 3606 928 3689 ipse
943 3604 1083 3675 arcessit
1108 3613 1144 3675 et
1168 3628 1211 3674 ex
1232 3605 1300 3675 imo

299 3728 354 3777 me
369 3706 487 3777 eadem
502 3728 644 3789 vespera
663 3729 698 3776 se
721 3707 901 3776 convenire
927 3705 1033 3776 iussit
1057 3705 1126 3775 Illic
1151 3705 1297 3789 denique

299 3807 437 3879 consilia
461 3829 524 3877 sua
549 3807 631 3876 mihi
657 3806 805 3890 primum
830 3806 973 3889 aperuit.
1006 3805 1200 3876 Secundum
1225 3806 1299 3876 haec

299 3908 370 3993 ipse
385 3929 447 3991 pro
462 3929 498 3978 se
513 3907 634 3977 litteris
648 3907 691 3977 ad
707 3907 943 3977 evandendum
967 3906 1067 3989 potiri
1082 3906 1300 3977 conabatur.”

384 4007 589 4079 “Cumano”
611 4007 735 4090 quaerit
751 4007 911 4089 Godrrey.

383 4107 616 4191 “Cuicunque,
631 4108 751 4191 utique
767 4107 825 4190 qui
841 4106 987 4176 maximo
1003 4105 1111 4189 pretio
1134 4127 1192 4176 eas
1216 4106 1300 4176 redi-

299 4230 391 4279 mere
407 4208 600 4291 voluisset,”
628 4207 800 4290 respondit
826 4206 921 4287 Iulia,
945 4207 1093 4276 multum
1117 4205 1240 4276 mirata
1257 4215 1299 4276 ut

298 4331 353 4380 res
367 4316 439 4379 tam
454 4310 554 4392 plana
568 4309 672 4379 etiam
687 4307 875 4392 quaestione
900 4328 1001 4389 egere
1017 4328 1113 4390 posse
1139 4305 1299 4390 cuiquam

298 4408 483 4480 videretur.
505 4407 735 4479 “Litterarum
750 4430 896 4492 quaeque
912 4407 974 4492 ipsi
989 4407 1081 4477 herae
1096 4405 1192 4477 denis
1205 4406 1300 4477 milli·

296 4509 362 4582 bus
375 4511 574 4581 francorum
588 4509 738 4594 primum
753 4516 852 4580 erant
878 4507 1080 4590 offerendae;
1101 4506 1130 4579 si
1145 4506 1217 4593 ipsa
1241 4506 1300 4579 ab
