3150 5468
515 1292 813 1348 nonusnullum
834 1290 1028 1346 correnum
1210 1271 1272 1343 185

270 1461 330 1529 tim
348 1462 430 1530 latet
446 1461 733 1544 quemadmodum
750 1461 819 1543 ipse
834 1480 942 1531 caesus
963 1457 1077 1527 fuerit.
1108 1457 1201 1540 Quis,
1216 1457 1271 1527 vel

270 1562 351 1644 quid
377 1584 456 1630 eum
472 1562 653 1632 occiderit?
675 1562 820 1644 Quinam
843 1581 1014 1629 venenum
1037 1558 1117 1627 illud
1142 1558 1272 1627 illatum

271 1662 401 1730 fuerit?
424 1662 662 1744 Quidquamne
677 1662 721 1730 ad
748 1662 781 1729 id
804 1659 1044 1729 declarandum
1070 1659 1193 1728 afferre
1214 1680 1272 1742 po

271 1762 368 1829 tes?’'

355 1861 467 1931 Pauca
481 1871 653 1931 momenta
667 1884 727 1944 per
742 1861 929 1930 fenestram
942 1867 1160 1943 prospectans
1170 1858 1274 1929 medi·

271 1962 418 2031 tabatur.

354 2061 536 2144 “AEnigma
551 2063 751 2145 praeclarum
767 2062 849 2143 est,”
866 2060 1005 2130 tandem
1017 2060 1075 2142 ait,
1087 2059 1273 2143 “perquam

271 2162 405 2230 scitum.
429 2162 499 2229 larn
526 2185 591 2244 ego
617 2184 752 2231 mecum
777 2161 996 2244 perpendam,
1023 2161 1113 2229 llere
1144 2160 1273 2229 Lester.

273 2264 375 2330 Forte
389 2262 514 2343 aliquid
531 2262 673 2331 suadere
697 2284 758 2345 par
782 2284 851 2331 ero.
885 2262 957 2330 Nec
982 2261 1061 2329 scio.
1094 2261 1275 2330 Verumta-

272 2384 348 2429 men
367 2361 520 2443 proximo
535 2361 588 2430 die
606 2362 763 2431 Mercurii
780 2371 814 2430 te
837 2361 955 2430 visam.
978 2360 1012 2430 Si
1028 2361 1076 2429 ita
1092 2361 1274 2442 videbitur,

271 2460 361 2529 domi
390 2461 461 2528 heri
488 2460 646 2543 Vantine,
671 2463 715 2531 ad
745 2461 949 2531 emutandas
977 2482 1073 2530 arcas
1097 2461 1275 2530 convenie-

272 2563 379 2629 mus.”

357 2662 492 2742 “Quota
508 2662 638 2730 horai”

357 2762 445 2830 “Pro
459 2771 553 2831 certo
568 2763 680 2830 dicere
696 2783 839 2843 nequeo.
862 2761 1087 2843 Aliquantum
1104 2781 1210 2828 morae
1225 2759 1275 2828 in·

271 2864 445 2931 tercedere
461 2862 586 2944 poterit
602 2863 684 2931 dum
708 2884 819 2930 arcam
837 2884 857 2929 a
873 2861 952 2929 navi
979 2861 1078 2929 avehi
1105 2861 1275 2929 curaveri-

273 2985 358 3030 mus.
381 2963 495 3031 Satius
511 2963 601 3031 forte
617 2970 706 3030 esset
722 2962 750 3030 si
767 2963 855 3030 inter
880 2961 1032 3031 eundum
1049 2969 1083 3030 te
1098 2961 1275 3030 viserem.”

356 3063 523 3143 “Placet”
540 3063 707 3144 respondi.

357 3164 479 3244 “Velis,
495 3164 643 3243 obsecro,
659 3162 740 3231 mihi
768 3163 892 3230 iterum
919 3162 1096 3244 indulgere
1123 3170 1163 3231 ut
1186 3183 1275 3230 erro

275 3285 345 3330 rem
361 3285 381 3330 a
397 3264 520 3331 nostris
535 3264 751 3332 commissum
777 3262 950 3343 ignoscere
966 3262 1027 3331 abs
1052 3271 1087 3331 te
1113 3262 1273 3344 flagitem.

276 3364 355 3442 Nos,
383 3385 512 3445 revera,
539 3363 723 3432 cautissimi
750 3384 823 3431 esse
849 3363 1013 3442 solemus;
1049 3370 1202 3431 attamen
1238 3369 1274 3430 et

275 3485 337 3530 nos
353 3463 472 3531 famuli
488 3464 630 3531 subinde
654 3464 779 3531 fallunt
805 3462 936 3530 incurii.
970 3462 1175 3530 Gravissime
1200 3462 1275 3530 fero

275 3564 365 3644 quod
381 3563 424 3631 ab
440 3563 511 3644 ipso
528 3564 611 3631 hero
626 3563 773 3631 Vantine
789 3562 1037 3643 indulgentiam
1063 3561 1217 3644 flagitare
1239 3569 1274 3630 et

276 3664 410 3731 veniam
437 3664 547 3744 culpae
581 3663 764 3744 impetrare
791 3662 824 3729 in
851 3684 993 3743 persona
1019 3684 1161 3744 nequeo.
1185 3662 1276 3744 Ergo

276 3764 317 3831 ad
335 3763 422 3830 diem
441 3762 597 3831 Mercurii
615 3785 733 3844 usque,
751 3762 840 3830 Here
856 3762 1005 3830 Lester.’'

360 3863 432 3931 “Ad
450 3863 539 3930 diem
557 3863 713 3931 Mercurii
731 3862 869 3943 usque,”
892 3861 1033 3944 repetivi
1059 3861 1174 3942 verba,
1200 3883 1277 3931 ocu·

277 3964 384 4045 lisque
400 3962 630 4045 prosequebar
652 3969 819 4030 staturam
835 3962 908 4029 eius
923 3970 1070 4030 erectam
1086 3969 1121 4030 et
1135 3961 1177 4030 ad
1193 3961 1277 4044 opti·

277 4085 366 4131 mam
392 4085 545 4130 normam
572 4071 738 4142 ornatam,
765 4062 846 4129 dum
874 4083 934 4142 per
958 4062 1050 4129 fores
1073 4061 1275 4130 discedebat.

279 4164 337 4230 Vir
350 4172 442 4231 certe
458 4162 664 4230 admirabilis
679 4170 713 4230 et
729 4161 999 4241 venustissimus
1011 4161 1054 4230 ad
1065 4161 1275 4243 scriptoriam

280 4263 411 4330 rediens
427 4284 560 4330 mecum
578 4261 784 4341 dictitabam‚
811 4261 888 4328 talis
903 4283 1035 4342 nempe,
1051 4282 1153 4342 quern
1168 4260 1277 4344 magis

277 4363 391 4431 intime
429 4363 562 4430 novisse
598 4382 776 4442 cuperem;
809 4361 871 4440 vir,
905 4360 962 4441 qui
1004 4360 1134 4428 arcanis
1168 4361 1277 4430 crimi-

277 4485 359 4530 num
375 4462 543 4540 delectan'‚
559 4483 597 4530 ac
614 4461 720 4529 veluti
736 4482 824 4543 equo
840 4460 1066 4529 arundinaceo
1078 4460 1230 4542 equitare
1240 4460 1275 4528 in

277 4563 399 4633 delitiis
414 4562 549 4644 habeat,
564 4569 600 4631 et
614 4562 669 4631 cui
686 4582 740 4630 me
756 4560 818 4630 hac
834 4561 868 4629 in
884 4582 920 4630 re
936 4581 1072 4630 morum
1095 4559 1276 4630 similitudo
1329 4633 1333 4644 ,
