3128 5016
558 815 654 868 auno
676 815 781 868 eruor
803 815 942 868 ouvmu
965 814 1051 869 mus
1218 794 1280 866 251

282 987 464 1067 Olympico
481 1019 520 1029 -
537 992 589 1053 est
605 991 759 1066 eventus
776 1006 879 1066 quem
906 983 1072 1053 memoria
1094 1003 1161 1050 non
1182 979 1281 1049 facile

282 1085 429 1155 deleas.'’

377 1184 454 1254 “Lu
469 1186 594 1254 Suuor’e
610 1185 675 1252 iam
693 1185 740 1253 ita
755 1183 950 1267 conquievit
965 1191 1006 1252 ut
1026 1181 1190 1251 fluitando
1212 1188 1284 1250 tan·

278 1293 353 1354 tum
363 1306 398 1352 se
408 1292 526 1353 contra
542 1292 664 1353 aestum
679 1285 872 1365 sustineret,
887 1306 993 1366 quum
1009 1291 1107 1366 porta
1118 1282 1220 1351 unius
1235 1282 1283 1350 in-

279 1385 443 1453 seriorum
459 1385 615 1453 adituum
643 1385 928 1467 propandebatur.
962 1383 1089 1452 Eodem
1114 1383 1188 1451 fere
1213 1404 1283 1450 mo-

284 1491 398 1553 mento
413 1484 572 1552 navicula
588 1485 754 1565 pulsitans
769 1507 809 1553 eo
823 1484 973 1564 accessit,
1000 1483 1179 1564 deligatur,
1202 1503 1283 1564 qua·

284 1591 362 1654 tuor
378 1585 441 1652 viri
458 1584 700 1666 conscendunt,
730 1607 769 1653 ac
785 1606 864 1653 mox
885 1585 975 1653 intra
999 1592 1131 1666 portam
1157 1604 1283 1651 evanu-

283 1693 394 1753 erunt.

367 1783 450 1865 “En
466 1784 586 1853 medici
603 1785 861 1865 ascenderunt,”
876 1784 986 1867 inquit
1002 1783 1162 1866 Godfrey.
1193 1782 1282 1851 “lllic

280 1893 396 1954 autem
412 1893 464 1952 cst
479 1885 572 1952 celox
589 1885 748 1952 Francica
764 1884 911 1953 adlatus
927 1883 1177 1966 progrediens?

366 1984 542 2052 Helciaria¹
558 1984 751 2052 moratoriae
766 1984 808 2052 ad
825 1984 966 2066 puppim
983 1983 1129 2063 recessit,
1141 1983 1283 2064 eiusque

281 2086 392 2153 locum
419 2085 513 2152 celox
540 2084 699 2152 Francica
724 2085 822 2166 cepit.
855 2085 935 2152 Post
960 2084 1064 2152 breve
1079 2083 1282 2165 colloquium

282 2207 373 2252 unus
399 2207 440 2251 cx
467 2207 507 2252 ca
534 2184 567 2251 in
595 2191 727 2265 portam
745 2186 878 2252 levatus
893 2184 1035 2252 intravit
1051 2185 1278 2253 Sapaudiam.

280 2285 440 2353 Nostram
457 2284 603 2366 denique
619 2285 727 2352 vicem
754 2285 871 2364 secuti,
888 2291 963 2366 post
980 2284 1154 2365 ingentem
1181 2304 1284 2364 aqua-

281 2407 359 2452 rum
374 2383 604 2452 turbationem
620 2406 658 2452 ac
682 2384 880 2465 tumultum,
901 2383 991 2452 unde
1018 2405 1083 2464 ego
1108 2383 1283 2451 illisionem

281 2485 434 2564 verebar,
461 2506 523 2551 nos
549 2484 740 2552 subivimus
765 2492 919 2565 apertam
935 2491 1080 2566 portam,
1106 2483 1284 2565 celoceque

281 2592 407 2665 nostra,
422 2588 494 2652 ora²
520 2585 563 2652 ad
591 2606 652 2651 nos
675 2585 827 2664 traiecta,
854 2584 1033 2665 destinata,
1059 2583 1219 2663 sistimus
1249 2589 1285 2651 et

282 2684 398 2766 paucis
413 2685 555 2753 minutis
570 2691 646 2766 post
661 2707 726 2764 cuo
741 2692 775 2752 et
791 2684 952 2766 Godfrey,
978 2706 1057 2753 cum
1073 2683 1188 2752 alteris
1203 2683 1284 2752 duo

282 2784 392 2852 busin
416 2791 587 2852 constrato
602 2784 741 2864 grandis
754 2783 914 2852 vectoriae
930 2805 1074 2852 eramus.

366 2884 480 2952 Salute
496 2884 585 2952 inter
600 2884 740 2952 comites
765 2906 858 2952 meos
885 2885 1156 2966 praerectumque
1177 2889 1285 2966 portae

283 2992 410 3066 apertae
426 2984 600 3065 utrimque
626 2984 706 3052 data
732 3006 771 3052 ac
798 2984 939 3064 reddita,
967 3005 1028 3065 per
1053 2983 1284 3066 angustiorem

282 3091 415 3167 agcaml
430 3084 560 3165 gummi
578 3106 616 3152 ac
633 3085 757 3152 fervidi
783 3085 910 3153 metalli
936 3083 1053 3153 nidore
1076 3084 1284 3152 redolentem

282 3184 592 3267 progrediebamur,
610 3193 684 3253 tum
701 3207 837 3253 sursum
853 3184 1043 3267 perplures
1068 3206 1188 3254 cursus
1209 3207 1285 3267 gra·

284 3285 401 3363 duum,
417 3285 522 3354 donec
538 3285 571 3352 in
587 3285 738 3367 principe
754 3293 851 3366 stega
863 3307 923 3367 per
934 3285 1073 3354 scalarc⁴
1088 3284 1284 3354 medianum

385 3523 407 3570 1.
425 3518 591 3579 Ilelcioriu,
608 3535 651 3581 ·ae‚
668 3520 747 3572 navis
761 3527 802 3572 est
816 3536 876 3586 quoe
890 3520 980 3579 aliam,
1006 3519 1093 3571 veluti
1117 3516 1219 3580 helcio,
1241 3534 1285 3570 ve·

283 3609 348 3653 ctat.

382 3690 404 3737 2.
425 3686 496 3746 Ora,
514 3702 558 3747 a,
576 3695 617 3738 est
630 3687 714 3746 funis,
729 3701 784 3750 quo
807 3687 886 3739 navis
903 3687 1046 3751 deligatur,
1069 3685 1222 3737 destinatur
1240 3686 1283 3737 vel

284 3777 426 3822 tractatur.

381 3857 406 3906 3.
420 3854 512 3918 Aqua,
531 3870 575 3915 -ae,
591 3862 634 3906 cst
647 3854 773 3913 ambitus,
787 3854 846 3906 sive
859 3854 933 3914 faux,
944 3854 988 3905 vel
1003 3853 1047 3905 via
1060 3853 1133 3905 inter
1146 3853 1284 3913 costerius,

282 3938 415 3990 cubicula.

381 4025 405 4073 ⁴.
423 4022 489 4073 Pars
503 4022 581 4073 novis
595 4023 623 4073 in
639 4022 734 4081 medio,
747 4022 793 4073 ubi
807 4021 902 4072 mediae
914 4021 1002 4081 acalae.
1024 4021 1082 4072 sive
1104 4020 1212 4086 gradus,
1230 4036 1286 4078 sur,

280 4123 340 4160 curn
353 4107 464 4159 ducunt.
