3128 5016
508 818 702 874 cnocnnnp
721 820 801 875 um
819 819 1048 876 mvrncmms
1215 804 1278 875 245

363 986 460 1057 “Noli
476 989 518 1057 de
534 989 634 1058 eosic
650 989 829 1072 iudicare,”
844 989 931 1059 serio
945 989 1146 1059 obtestatur.
1162 988 1279 1071 Usque

278 1087 320 1156 ad
337 1110 438 1156 suum
455 1088 528 1157 Neo
544 1090 683 1158 Eboraci
700 1090 888 1159 adventum
903 1097 1029 1173 praeter
1039 1110 1119 1158 eum
1135 1089 1281 1172 prodito

279 1209 349 1255 rem
375 1187 445 1270 ipse
471 1189 590 1257 occidit
615 1191 795 1259 neminem.
829 1191 928 1259 Illum
952 1190 1026 1259 iure
1052 1188 1200 1271 quodam
1236 1223 1278 1233 -

278 1288 398 1356 saltem
414 1289 546 1370 legibus
561 1312 695 1358 morum
711 1291 848 1360 furibus
863 1290 1053 1373 propriis-
1065 1289 1195 1359 occidit.
1211 1288 1281 1359 Sua

278 1388 383 1469 ipsius
397 1389 469 1457 vita
484 1411 716 1472 saepenumero
732 1391 766 1458 in
783 1391 972 1460 discrimine
987 1389 1198 1471 versabatur,
1220 1389 1279 1459 sed

281 1489 323 1556 ad
339 1489 545 1558 servandum
561 1512 597 1559 se
612 1512 789 1573 nunquam
805 1491 909 1560 alium
924 1490 1106 1560 interemit.
1122 1490 1194 1559 Hoc
1206 1490 1236 1560 ei
1246 1491 1281 1559 in

283 1590 429 1672 acceptis
444 1591 603 1659 referto.”

364 1690 514 1760 “Praeter
530 1691 660 1760 Drouet
675 1698 710 1759 et
725 1692 905 1775 Vantine,”
920 1699 1002 1761 noto
1017 1712 1092 1774 ego.

364 1791 473 1860 “Casu
489 1791 643 1872 fortuito,
659 1791 702 1859 ob
718 1792 808 1874 quod
824 1793 895 1875 ipse
909 1792 1003 1861 nullo
1018 1799 1116 1874 pacto
1131 1791 1165 1860 in
1181 1791 1281 1875 culpe

282 1892 363 1971 est,”
381 1891 552 1973 respondit
567 1891 728 1973 Godfrey.

366 1993 490 2063 “Visne
506 1995 647 2065 innuere
663 1997 754 2065 hunc
771 2016 828 2063 eos
842 2015 910 2062 non
927 1992 1085 2063 occidisse
1094 1991 1131 2061 ?”

365 2093 489 2163 “Nullo
515 2105 623 2178 pacto.
654 2098 721 2166 Iste
747 2095 951 2164 novissimus
976 2115 1079 2176 quem
1104 2092 1281 2174 occiderat,

282 2194 359 2274 luit,
375 2201 415 2262 ut
441 2196 579 2277 primus
607 2197 766 2279 proditor.
789 2196 837 2265 Ut
865 2216 929 2276 ego
958 2194 1086 2276 opinor,
1112 2192 1281 2262 Crochard

283 2295 372 2362 hunc
396 2295 429 2362 in
457 2296 596 2364 modum
612 2297 851 2365 ratiocinatur:
873 2294 1107 2363 adversarium
1132 2293 1282 2363 occidere

283 2394 379 2462 facilc
396 2402 464 2474 est;
487 2403 607 2477 estque
623 2397 779 2477 bestiale;
802 2402 894 2464 caret
909 2393 1000 2462 omni
1026 2393 1129 2462 animi
1153 2393 1282 2463 subtili·

282 2502 362 2562 tate.
384 2495 525 2577 Insuper
541 2504 576 2564 et
592 2496 678 2564 tollit
703 2496 945 2565 adversarium.
979 2493 1057 2563 Vita
1082 2501 1198 2563 autem
1220 2492 1283 2576 ipsi

282 2596 449 2664 Crochard
465 2595 536 2663 sine
551 2597 753 2665 adversariis
767 2595 857 2664 omni
884 2616 1023 2677 prorsus
1047 2595 1116 2663 sale
1141 2601 1281 2663 careret.

284 2697 372 2764 Nam
389 2695 508 2764 ultimo
524 2696 626 2764 etiam
642 2697 835 2765 adversario
851 2695 994 2776 sublato,
1010 2694 1121 2776 ipsum
1147 2693 1209 2763 sibi
1230 2693 1280 2761 vi·

288 2804 356 2864 tam
373 2795 520 2864 adimere
535 2798 736 2878 oporteret.”

367 2895 566 2964 “Hominem
582 2897 680 2966 istius
695 2896 830 2979 generis
845 2895 980 2964 omnino
1005 2916 1073 2964 non
1098 2892 1282 2976 intelligo,”

283 3018 335 3063 mo
351 3017 424 3077 ego.

367 3095 433 3164 “nt
448 3097 525 3166 vide
541 3098 671 3179 modo,'’
687 3098 801 3179 arguit
827 3097 987 3179 Godfrey,
1011 3095 1132 3164 litteris
1157 3095 1282 3164 iterum

283 3197 480 3265 attrectatis.
514 3197 609 3279 “lpse
638 3198 730 3280 mihi,
762 3197 858 3266 velut
888 3195 1090 3276 adversario,
1120 3195 1282 3264 honorem

284 3304 432 3378 praestat.
465 3298 558 3365 Num
585 3320 639 3366 me
665 3298 708 3367 ad
735 3297 945 3381 perdendum
972 3294 1145 3379 postulat?
1178 3295 1282 3364 Plane

282 3406 409 3478 contra,
426 3398 597 3466 munerari
612 3420 666 3466 me
682 3399 767 3466 vult.
790 3398 891 3467 Tollit
907 3398 1058 3479 reginam
1074 3417 1171 3465 suam
1195 3417 1214 3464 e
1238 3396 1284 3465 la·

280 3497 456 3578 trunculiS,
472 3519 539 3579 quo
555 3497 720 3566 difficilius
735 3499 778 3568 sit
793 3520 848 3567 me
863 3498 897 3566 in
913 3497 1033 3567 incitas
1046 3517 1158 3579 agere.

367 3597 434 3665 “At
460 3619 551 3679 vero,
579 3598 739 3680 Godirey,
766 3607 805 3669 tu
822 3620 879 3667 eas
904 3597 1034 3666 litteras
1056 3603 1148 3665 certe
1162 3618 1230 3666 non
1246 3596 1280 3665 in

282 3698 377 3766 scriis
392 3697 497 3765 babes
509 3697 537 3764 !'’
559 3699 711 3767 obtestor
726 3721 799 3781 ego.
823 3698 877 3768 “Si
893 3699 947 3766 vel
963 3696 1108 3765 maxime
1130 3696 1201 3780 ipse
1224 3716 1283 3765 eas

283 3798 461 3879 scripserit,
488 3797 520 3865 id
547 3799 589 3866 ad
616 3806 651 3866 te
677 3799 862 3867 ludendum
886 3798 978 3866 lecit.
1000 3796 1034 3866 Si
1056 3796 1145 3866 diem
1160 3796 1282 3866 statuit

284 3898 451 3978 Mercurii,
469 3919 587 3967 revera
602 3919 677 3966 cras
692 3899 837 3967 tentabit
853 3920 930 3967 arca
946 3896 1076 3980 potiri.'’

367 3998 425 4066 “ld
442 4019 506 4078 erro
521 3998 658 4066 minime
672 4007 765 4080 puto.
799 4000 921 4068 Nonne
945 3996 1013 4066 dixi
1039 3996 1099 4065 tibi
1125 4018 1205 4067 eum
1226 4017 1281 4065 me

282 4099 490 4169 novitiorum
513 4120 656 4168 numero
678 4099 823 4171 habere?
855 4098 978 4179 Scisne,
997 4096 1125 4180 Lester,
1141 4096 1281 4167 ubinam
