3150 5468
349 1166 413 1237 236
631 1181 836 1238 ursranruu
851 1181 958 1238 anca
982 1175 1100 1238 noma

353 1348 422 1420 iam
437 1350 568 1435 pridem
582 1350 742 1422 oblivioni
768 1350 994 1434 tradiderunt,
1017 1332 1088 1421 non
1110 1371 1233 1434 parum
1256 1349 1359 1421 mira·

354 1451 417 1520 bar
431 1472 539 1534 quum
554 1451 706 1523 viderem
721 1459 851 1535 quanta
865 1451 1013 1523 sollertia
1036 1450 1188 1535 Godtrey
1210 1449 1360 1520 elabora·

355 1557 408 1621 ret
422 1558 462 1621 ut
476 1551 668 1634 fugitivum
683 1573 744 1635 per
758 1551 921 1623 diurnum
946 1551 1087 1623 edocere
1110 1557 1284 1635 satageret
1296 1551 1360 1621 ubi

354 1672 433 1720 arca
456 1658 554 1734 esset,
580 1658 617 1722 et
639 1650 927 1734 quemadmodum
952 1650 1192 1722 custodiretur.
1222 1650 1360 1721 Interea

353 1750 437 1820 dum
462 1757 586 1821 caetera
610 1751 733 1821 diuma
756 1751 963 1821 mirarentur
985 1773 1085 1822 suam
1111 1750 1359 1835 stupiditatem,

354 1850 505 1933 Godfrey
520 1851 645 1921 iterum
660 1851 853 1934 iterumque
868 1851 1044 1935 descripsit
1058 1872 1173 1921 arcam
1186 1850 1223 1921 in
1246 1850 1359 1920 muni-

351 1949 516 2020 tissimam
531 1952 648 2021 cellam
664 1951 818 2021 stationis
839 1951 914 2022 Viae
928 1951 1128 2034 vigessima
1141 1949 1269 2021 Tertiae
1282 1970 1357 2022 esse

352 2050 577 2132 reconditam
599 2050 717 2121 cellam
731 2072 804 2120 esse
819 2050 934 2133 talem,
949 2050 1048 2121 cuius
1062 2049 1193 2121 clathra
1208 2072 1227 2121 e
1241 2049 1356 2133 chaly-

350 2148 394 2218 be
408 2149 702 2220 chromonicolino
717 2157 807 2221 esset
820 2151 924 2233 facta,
940 2172 1019 2234 quae
1044 2151 1138 2220 nulla
1166 2171 1260 2221 serra
1282 2171 1358 2221 ero·

350 2248 466 2332 deret;
487 2249 606 2319 cellam
621 2251 735 2333 talem,
750 2250 849 2320 cuius
863 2270 940 2320 sera
953 2271 1023 2320 non
1048 2250 1159 2320 solum
1181 2248 1280 2332 clavi,
1295 2249 1356 2320 sed

350 2355 385 2419 et
410 2350 545 2432 pessulo
567 2349 754 2432 calculato,¹
770 2350 831 2419 uni
854 2355 993 2420 tantum
1008 2349 1153 2433 cognito,
1176 2355 1356 2432 teneatur,

348 2450 466 2519 cellam
492 2471 513 2519 a
537 2449 669 2520 caeteris
693 2472 765 2520 esse
791 2449 980 2520 seiunctam
1003 2451 1177 2533 solamque
1201 2448 1237 2518 in
1251 2449 1355 2520 tertio

348 2549 480 2618 ambitu
496 2571 568 2619 esse
583 2549 683 2619 sitam
698 2557 778 2619 ante
794 2550 909 2619 oculos
934 2549 1060 2619 lictoris
1074 2548 1284 2632 excubantis,
1304 2548 1356 2620 ita

349 2655 390 2718 ut
404 2670 467 2718 nec
482 2648 536 2718 die
550 2670 612 2718 nec
627 2655 737 2731 nocte,
752 2648 836 2732 quin
859 2649 975 2718 statim
1000 2647 1285 2733 deprehendatur,
1300 2669 1355 2720 ac·

348 2749 466 2819 cedere
482 2749 662 2832 quisquam
677 2749 802 2831 possit;
824 2749 942 2819 cellam
968 2770 1052 2831 esse,
1066 2748 1166 2819 cuius
1179 2747 1284 2819 ianua
1298 2769 1355 2819 su·

347 2849 518 2919 scitatorio
533 2849 740 2919 automatico
754 2848 789 2918 in
805 2848 996 2919 decurionis
1011 2848 1197 2932 scriptoria,
1220 2847 1256 2918 in
1282 2847 1355 2919 offi-

347 2948 423 3019 cina
437 2949 559 3032 antica,
575 2949 691 3019 iuncta
706 2949 767 3031 sit;
789 2971 859 3019 uno
875 2948 990 3032 verbo,
1012 2949 1131 3020 cellam
1154 2969 1238 3031 esse,
1258 2948 1352 3019 unde

347 3071 448 3119 nemo
463 3049 627 3132 effugere,
643 3070 712 3133 quo
726 3070 827 3120 nemo
850 3049 988 3132 intrare,
1012 3048 1096 3132 quin
1122 3047 1354 3132 deprehenda-

347 3156 416 3232 tur,
431 3149 546 3232 possit.

431 3250 481 3319 De
504 3249 576 3333 ipsa
600 3270 680 3319 arca
704 3248 812 3319 Boule
835 3248 988 3333 Godfrey
1010 3268 1132 3331 parum
1153 3247 1350 3332 disserebat,

346 3349 444 3419 cuius
458 3349 633 3418 historiam
648 3370 758 3432 usque
774 3371 814 3420 eo
829 3348 1068 3419 continendam
1083 3347 1227 3431 censuit,
1241 3347 1350 3419 donec

346 3455 492 3519 eventus
506 3449 549 3518 ad
564 3449 725 3519 ultimum
739 3449 843 3519 finem
857 3455 1028 3533 vergeret,
1038 3447 1130 3532 quod
1145 3455 1239 3518 certo
1253 3448 1352 3518 futu·

347 3571 424 3620 rum
439 3549 599 3632 credidit;
620 3545 657 3619 at
683 3549 877 3633 singularia,
892 3556 933 3620 ut
948 3570 1013 3633 ego
1027 3548 1128 3619 modo
1143 3546 1292 3630 narravi,
1312 3547 1349 3618 in

346 3651 480 3720 Record
505 3649 665 3719 continuo
688 3649 934 3732 recolebantur,
958 3670 1067 3732 quum
1092 3669 1173 3719 casu
1199 3647 1349 3731 quodam

344 3749 427 3820 mihi
443 3749 593 3832 Godfrey
607 3749 642 3818 in
658 3749 715 3820 via
729 3769 906 3820 occurrere
919 3748 1127 3833 contigisset,
1142 3769 1252 3832 quum
1266 3769 1348 3819 eum

444 3968 467 4019 1.
485 3963 628 4019 Proculus
641 3964 821 4019 calculatur:
833 3965 872 4019 sic
886 3981 984 4019 vocare
997 3965 1072 4018 lubet
1097 3969 1285 4032 pagmenturn,
1301 3965 1348 4018 vei

343 4049 576 4103 machinationem
589 4049 763 4111 rationatam,
777 4049 855 4102 cuius
867 4065 932 4102 usus
946 4048 978 4101 fit
990 4049 1018 4100 in
1032 4047 1104 4101 arcis
1116 4047 1237 4102 fortibus
1252 4064 1349 4115 argeu-

342 4133 482 4194 tariarum,
508 4133 554 4185 ubi
577 4133 708 4193 thesauri,
731 4148 908 4200 quaecumque
935 4132 1053 4197 pretiosa
1064 4131 1094 4183 in
1108 4137 1169 4184 tuto
1180 4131 1276 4184 haberi
1293 4147 1348 4184 cre·

343 4217 453 4278 duntur,
467 4233 580 4283 quarum
594 4217 718 4282 quaedam
730 4217 764 4269 ad
778 4216 910 4269 indicium
924 4215 1066 4281 horologii,
1079 4215 1161 4268 statis
1171 4215 1347 4282 temporibus,

342 4301 491 4354 secundum
505 4305 609 4352 certum
623 4300 766 4361 calculum,
785 4300 863 4352 cuius
887 4299 988 4351 notitia
1010 4298 1059 4351 uni
1084 4303 1195 4351 tantum
1218 4299 1346 4352 concredi

342 4385 419 4446 solet,
433 4390 508 4437 certa
521 4383 678 4436 versatione
690 4383 858 4449 plinthidum
876 4382 991 4436 reserari
1015 4386 1105 4450 queat,
1117 4381 1179 4445 nisi,
1191 4387 1223 4435 ut
1235 4381 1345 4444 assolet,

342 4468 454 4536 dynami
468 4467 644 4535 displodatur.
