3128 5016
316 700 378 769 108
577 713 784 767 msmmun
807 714 913 767 Anca
934 708 1053 768 noum

315 883 458 963 novisse,
468 891 502 950 et
514 882 547 949 bi
562 882 787 950 conditorium
804 904 940 964 quoque
955 882 1147 964 adiverunt;
1159 881 1192 950 id
1205 891 1321 951 tamen

314 983 483 1051 incassum
514 982 591 1050 luit.
626 983 736 1050 Nemo
766 982 954 1064 disperiisse
984 983 1158 1052 lictoribus
1194 983 1323 1052 relatus

320 1084 403 1152 est.’'

401 1182 493 1251 “lloc
510 1190 600 1251 certe
616 1182 788 1251 insolitum
804 1189 866 1263 est,
883 1204 994 1251 nonne
1011 1182 1100 1253 ital”
1116 1182 1321 1265 interpretor

318 1305 392 1364 ego.

400 1382 536 1460 “Valde
554 1384 719 1463 profecto,
735 1382 920 1450 insolitum.
944 1382 981 1450 ld
998 1383 1202 1450 alterutrum
1219 1383 1321 1463 signi-

314 1480 411 1549 ficat:
445 1483 516 1549 sive
541 1504 619 1549 suos
643 1481 769 1548 amicos
792 1504 827 1549 se
851 1483 1006 1550 consulto
1029 1482 1225 1562 occuluisse,
1247 1482 1319 1550 sive

315 1603 406 1661 vero,
431 1583 550 1649 saltem
578 1582 652 1649 Neo
677 1582 829 1661 Eboraci,
854 1604 992 1664 prorsus
1015 1583 1126 1650 nullos
1149 1581 1317 1650 habuisse.

314 1682 442 1750 Verum
457 1682 559 1750 etiam
577 1690 661 1761 lum,
678 1682 797 1748 saltem
823 1682 934 1762 isqui
959 1682 1151 1750 cubiculum
1177 1681 1208 1749 ei
1234 1682 1320 1750 loca·

312 1782 427 1862 visset,
443 1782 569 1849 mirans
585 1782 665 1862 quid
682 1781 723 1849 de
740 1803 780 1849 eo
796 1782 928 1850 factum
944 1789 1043 1862 esset,
1060 1781 1219 1863 prodiret,
1229 1789 1264 1849 et
1276 1781 1317 1850 de

312 1882 385 1949 eius
400 1881 481 1949 fatis
497 1881 756 1949 sciscitaretur.'’

396 1980 573 2049 “Fortasse
589 1982 720 2049 nullum
736 1981 931 2049 cubiculum
947 1980 1141 2061 conduxit‚'’
1166 2003 1317 2049 memoro

312 2103 385 2162 ego.
411 2081 505 2149 “Neo
531 2082 720 2148 Eboracum
743 2082 888 2149 fortasse
913 2080 1012 2149 modo
1028 2082 1193 2163 pervenit,
1210 2089 1281 2150 rect
1304 2122 1316 2132 -

312 2202 379 2262 que
395 2181 437 2248 ad
455 2182 483 2248 V
485 2181 600 2248 antine
618 2181 797 2261 perrexit.”

396 2282 520 2349 Vultus
536 2281 686 2361 Godtrey
703 2281 885 2349 clarescere
907 2281 1020 2362 coepit.

397 2381 447 2450 “A
463 2381 662 2462 saponaria,l
682 2381 821 2462 utique!
843 2382 993 2449 Tamtum
1018 2383 1171 2463 profecto
1195 2381 1250 2450 vel
1273 2382 1315 2450 de

312 2504 374 2550 sua
391 2482 550 2550 inducere
567 2489 719 2563 poteram
743 2489 891 2549 tonsura.
924 2481 984 2549 Vel
1011 2481 1088 2550 inde
1115 2489 1209 2564 patet
1235 2504 1314 2550 eum

311 2583 369 2650 vix
393 2583 498 2651 denos
522 2583 593 2650 dies
617 2606 637 2651 a
664 2582 804 2650 Francia
830 2582 990 2650 abfuisse.
1025 2583 1165 2664 Ignosce
1179 2582 1314 2651 interim

312 2683 512 2764 paulisper?

395 2783 457 2849 llis
472 2783 570 2850 dictis
585 2784 652 2850 cito
667 2782 829 2862 discessit,
846 2782 904 2850 scd
921 2783 1033 2864 quinis
1047 2783 1180 2852 circiter
1206 2783 1315 2852 minu·

312 2883 356 2951 tis
371 2883 495 2952 iterum
513 2883 619 2950 rediit.

393 2984 531 3051 “tltlicio
562 2991 677 3050 nostro
719 2983 933 3064 telephonavi
965 2990 1004 3051 ut
1034 2983 1077 3051 ad
1109 2984 1314 3065 vaporarias,

312 3105 390 3164 <11¹ae
404 3084 475 3151 lteri
492 3084 705 3165 appulerant,
729 3083 935 3150 sciscitatum
951 3082 1099 3165 aliquem
1126 3083 1312 3152 mitterent.

310 3184 398 3251 Nam
414 3184 440 3250 si
457 3184 527 3264 inse
544 3192 661 3251 vector
678 3183 792 3262 tuerit,
808 3182 929 3264 aliquis
938 3183 1154 3252 nauticorum
1166 3183 1312 3265 effigiem

308 3283 382 3351 eius
397 3292 568 3363 agrioscct.
591 3285 676 3351 Tres
691 3285 833 3351 fuerunt
850 3305 956 3350 naves
971 3283 1096 3364 quibus
1117 3283 1240 3352 advehi
1256 3305 1313 3366 po

309 3390 398 3452 terat
484 3386 674 3451 Adriatico
692 3392 797 3465 atoue
814 3385 966 3460 cae-ilia,
995 3406 1016 3451 a
1037 3383 1248 3465 Cherbourg,
1263 3392 1313 3452 at-

307 3505 374 3564 que
402 3487 453 3551 ln
483 3486 668 3563 'llnnninn
695 3506 737 3551 ex
764 3484 888 3551 llavre.
920 3481 1013 3551 Nihil
1037 3483 1129 3551 aliud
1152 3483 1310 3565 estquod

307 3584 442 3663 sciam,”
457 3583 708 3663 cogitabundus
723 3583 909 3663 subiunxit,
933 3582 997 3650 nisi
1022 3582 1113 3664 quod
1139 3582 1312 3665 Freyling·

308 3683 427 3751 huisen
445 3693 543 3764 nutat
559 3706 594 3752 se
611 3684 755 3751 indolem
774 3683 893 3750 veneni
910 3682 1099 3764 agnovisse.
1117 3682 1155 3751 ld
1166 3683 1310 3765 speciem

307 3784 478 3865 quandam
494 3784 580 3852 acidi
599 3783 766 3852 llorussici
782 3804 854 3851 esse
870 3782 949 3850 ait.''

410 4004 430 4053 l.
449 4001 566 4053 Subaudi
582 4000 659 4052 traci.
