<?xml version="1.0" encoding="UTF-8"?>
<!DOCTYPE html PUBLIC "-//W3C//DTD XHTML 1.0 Transitional//EN"
    "http://www.w3.org/TR/xhtml1/DTD/xhtml1-transitional.dtd">
<html xmlns="http://www.w3.org/1999/xhtml" xml:lang="en" lang="en">
 <head>
  <title>
</title>
<meta http-equiv="Content-Type" content="text/html;charset=utf-8" />
  <meta name='ocr-system' content='tesseract 3.04.00' />
  <meta name='ocr-capabilities' content='ocr_page ocr_carea ocr_par ocr_line ocrx_word'/>
</head>
<body>
  <div class='ocr_page' id='page_1' title='image "./mysteriumarcbou00stevgoog/mysteriumarcbou00stevgoog_0108.png"; bbox 0 0 3128 5016; ppageno 0'>
   <div class='ocr_carea' id='block_1_1' title="bbox 344 703 1087 775">
    <p class='ocr_par' dir='ltr' id='par_1_1' title="bbox 344 703 1087 775">
     <span class='ocr_line' id='line_1_1' title="bbox 344 703 1087 775; baseline 0.001 -2"><span class='ocrx_word' id='word_1_1' title='bbox 344 703 387 774; x_wconf 85' lang='grc'><strong>96</strong></span> <span class='ocrx_word' id='word_1_2' title='bbox 608 719 817 773; x_wconf 78' lang='lat' dir='ltr'><strong>ursrsnrun</strong></span> <span class='ocrx_word' id='word_1_3' title='bbox 839 719 947 773; x_wconf 66' lang='grc' dir='ltr'><strong>ΑΜ</strong></span> <span class='ocrx_word' id='word_1_4' title='bbox 968 714 1087 775; x_wconf 75' lang='lat' dir='ltr'><strong>nouus</strong></span> 
     </span>
    </p>
   </div>
   <div class='ocr_carea' id='block_1_2' title="bbox 346 885 1354 1070">
    <p class='ocr_par' dir='ltr' id='par_1_2' title="bbox 346 885 1354 1070">
     <span class='ocr_line' id='line_1_2' title="bbox 430 885 1354 972; baseline 0.003 -17"><span class='ocrx_word' id='word_1_5' title='bbox 430 885 589 956; x_wconf 83' lang='lat' dir='ltr'><strong>“Rectius</strong></span> <span class='ocrx_word' id='word_1_6' title='bbox 603 887 736 969; x_wconf 87' lang='lat' dir='ltr'><strong>nemo‚”</strong></span> <span class='ocrx_word' id='word_1_7' title='bbox 750 886 866 969; x_wconf 89' lang='lat' dir='ltr'><strong>annui,</strong></span> <span class='ocrx_word' id='word_1_8' title='bbox 882 887 975 957; x_wconf 83' lang='lat' dir='ltr'><strong>“tarn</strong></span> <span class='ocrx_word' id='word_1_9' title='bbox 998 889 1088 958; x_wconf 87' lang='lat' dir='ltr'><strong>clare</strong></span> <span class='ocrx_word' id='word_1_10' title='bbox 1115 911 1158 958; x_wconf 90' lang='lat' dir='ltr'><strong>ne</strong></span> <span class='ocrx_word' id='word_1_11' title='bbox 1184 889 1257 972; x_wconf 90' lang='lat' dir='ltr'><strong>ipse</strong></span> <span class='ocrx_word' id='word_1_12' title='bbox 1282 890 1354 972; x_wconf 85' lang='lat' dir='ltr'><strong>qui·</strong></span> 
     </span>
     <span class='ocr_line' id='line_1_3' title="bbox 346 986 899 1070; baseline 0.002 -15"><span class='ocrx_word' id='word_1_13' title='bbox 346 986 424 1055; x_wconf 93' lang='lat' dir='ltr'><strong>dem</strong></span> <span class='ocrx_word' id='word_1_14' title='bbox 441 986 522 1055; x_wconf 93' lang='lat' dir='ltr'><strong>mihi</strong></span> <span class='ocrx_word' id='word_1_15' title='bbox 539 986 728 1070; x_wconf 86' lang='lat' dir='ltr'><strong>anteposui.</strong></span> <span class='ocrx_word' id='word_1_16' title='bbox 751 986 860 1070; x_wconf 90' lang='lat' dir='ltr'><strong>Perge</strong></span> <span class='ocrx_word' id='word_1_17' title='bbox 870 987 899 1056; x_wconf 90' lang='lat'><strong>!”</strong></span> 
     </span>
    </p>
   </div>
   <div class='ocr_carea' id='block_1_3' title="bbox 346 1102 1353 1373">
    <p class='ocr_par' dir='ltr' id='par_1_3' title="bbox 346 1102 1353 1373">
     <span class='ocr_line' id='line_1_4' title="bbox 430 1102 1353 1188; baseline 0.004 -17"><span class='ocrx_word' id='word_1_18' title='bbox 430 1102 618 1172; x_wconf 90' lang='lat' dir='ltr'><strong>“Convenit</strong></span> <span class='ocrx_word' id='word_1_19' title='bbox 632 1126 715 1185; x_wconf 88' lang='lat' dir='ltr'><strong>ergo</strong></span> <span class='ocrx_word' id='word_1_20' title='bbox 730 1104 820 1173; x_wconf 87' lang='lat' dir='ltr'><strong>inter</strong></span> <span class='ocrx_word' id='word_1_21' title='bbox 834 1104 928 1187; x_wconf 82' lang='lat' dir='ltr'><strong>nos,”</strong></span> <span class='ocrx_word' id='word_1_22' title='bbox 957 1104 1176 1188; x_wconf 83' lang='lat' dir='ltr'>prosequitur</span> <span class='ocrx_word' id='word_1_23' title='bbox 1191 1105 1353 1188; x_wconf 83' lang='lat' dir='ltr'><strong>Godfrey,</strong></span> 
     </span>
     <span class='ocr_line' id='line_1_5' title="bbox 346 1202 1353 1289; baseline 0.005 -19"><span class='ocrx_word' id='word_1_24' title='bbox 346 1202 543 1285; x_wconf 79' lang='lat' dir='ltr'><strong>“negotium</strong></span> <span class='ocrx_word' id='word_1_25' title='bbox 558 1204 648 1273; x_wconf 90' lang='lat' dir='ltr'><strong>illius</strong></span> <span class='ocrx_word' id='word_1_26' title='bbox 662 1204 782 1273; x_wconf 85' lang='lat' dir='ltr'><strong>Franci</strong></span> <span class='ocrx_word' id='word_1_27' title='bbox 797 1205 906 1286; x_wconf 90' lang='lat' dir='ltr'><strong>ignoti</strong></span> <span class='ocrx_word' id='word_1_28' title='bbox 926 1227 1006 1274; x_wconf 93' lang='lat' dir='ltr'><strong>cum</strong></span> <span class='ocrx_word' id='word_1_29' title='bbox 1030 1204 1178 1275; x_wconf 88' lang='lat' dir='ltr'><strong>Vantine</strong></span> <span class='ocrx_word' id='word_1_30' title='bbox 1204 1206 1353 1289; x_wconf 83' lang='lat' dir='ltr'><strong>aliquem</strong></span> 
     </span>
     <span class='ocr_line' id='line_1_6' title="bbox 346 1304 946 1373; baseline 0.003 -2"><span class='ocrx_word' id='word_1_31' title='bbox 346 1324 473 1371; x_wconf 84' lang='lat' dir='ltr'><strong>nexum</strong></span> <span class='ocrx_word' id='word_1_32' title='bbox 489 1325 567 1372; x_wconf 93' lang='lat' dir='ltr'><strong>cum</strong></span> <span class='ocrx_word' id='word_1_33' title='bbox 583 1304 648 1372; x_wconf 89' lang='lat' dir='ltr'><strong>ista</strong></span> <span class='ocrx_word' id='word_1_34' title='bbox 663 1326 742 1373; x_wconf 90' lang='lat' dir='ltr'><strong>arca</strong></span> <span class='ocrx_word' id='word_1_35' title='bbox 757 1304 946 1373; x_wconf 88' lang='lat' dir='ltr'><strong>habuisse.”</strong></span> 
     </span>
    </p>
   </div>
   <div class='ocr_carea' id='block_1_4' title="bbox 429 1419 1352 1506">
    <p class='ocr_par' dir='ltr' id='par_1_4' title="bbox 429 1419 1352 1506">
     <span class='ocr_line' id='line_1_7' title="bbox 429 1419 1352 1506; baseline 0.003 -17"><span class='ocrx_word' id='word_1_36' title='bbox 429 1419 526 1503; x_wconf 89' lang='lat' dir='ltr'><strong>“lpse</strong></span> <span class='ocrx_word' id='word_1_37' title='bbox 542 1421 690 1490; x_wconf 90' lang='lat' dir='ltr'><strong>Vantine</strong></span> <span class='ocrx_word' id='word_1_38' title='bbox 705 1421 753 1490; x_wconf 87' lang='lat' dir='ltr'><strong>ita</strong></span> <span class='ocrx_word' id='word_1_39' title='bbox 768 1422 937 1504; x_wconf 89' lang='lat' dir='ltr'><strong>putavit‚’&#39;</strong></span> <span class='ocrx_word' id='word_1_40' title='bbox 959 1422 1142 1501; x_wconf 92' lang='lat' dir='ltr'><strong>interpono</strong></span> <span class='ocrx_word' id='word_1_41' title='bbox 1157 1445 1232 1505; x_wconf 89' lang='lat' dir='ltr'><strong>ego.</strong></span> <span class='ocrx_word' id='word_1_42' title='bbox 1256 1422 1352 1506; x_wconf 90' lang='lat' dir='ltr'><strong>“Ipse</strong></span> 
     </span>
    </p>
   </div>
   <div class='ocr_carea' id='block_1_5' title="bbox 346 1520 1353 1691">
    <p class='ocr_par' dir='ltr' id='par_1_5' title="bbox 346 1520 1353 1691">
     <span class='ocr_line' id='line_1_8' title="bbox 346 1520 1353 1605; baseline 0.005 -18"><span class='ocrx_word' id='word_1_43' title='bbox 346 1520 436 1588; x_wconf 90' lang='lat' dir='ltr'><strong>enim</strong></span> <span class='ocrx_word' id='word_1_44' title='bbox 464 1521 545 1589; x_wconf 94' lang='lat' dir='ltr'><strong>mihi</strong></span> <span class='ocrx_word' id='word_1_45' title='bbox 572 1529 690 1603; x_wconf 91' lang='lat' dir='ltr'><strong>postea</strong></span> <span class='ocrx_word' id='word_1_46' title='bbox 716 1521 801 1590; x_wconf 87' lang='lat' dir='ltr'><strong>dixit</strong></span> <span class='ocrx_word' id='word_1_47' title='bbox 827 1521 871 1591; x_wconf 95' lang='lat' dir='ltr'><strong>ob</strong></span> <span class='ocrx_word' id='word_1_48' title='bbox 896 1521 983 1592; x_wconf 90' lang='lat' dir='ltr'><strong>hanc</strong></span> <span class='ocrx_word' id='word_1_49' title='bbox 998 1522 1106 1605; x_wconf 91' lang='lat' dir='ltr'><strong>ipsam</strong></span> <span class='ocrx_word' id='word_1_50' title='bbox 1122 1544 1194 1592; x_wconf 90' lang='lat' dir='ltr'><strong>rem</strong></span> <span class='ocrx_word' id='word_1_51' title='bbox 1210 1545 1245 1593; x_wconf 89' lang='lat' dir='ltr'><strong>se</strong></span> <span class='ocrx_word' id='word_1_52' title='bbox 1261 1523 1353 1592; x_wconf 89' lang='lat' dir='ltr'><strong>hunc</strong></span> 
     </span>
     <span class='ocr_line' id='line_1_9' title="bbox 346 1621 833 1691; baseline 0.002 -1"><span class='ocrx_word' id='word_1_53' title='bbox 346 1621 528 1690; x_wconf 92' lang='lat' dir='ltr'><strong>convenire</strong></span> <span class='ocrx_word' id='word_1_54' title='bbox 544 1643 612 1690; x_wconf 97' lang='lat' dir='ltr'><strong>non</strong></span> <span class='ocrx_word' id='word_1_55' title='bbox 629 1623 833 1691; x_wconf 74' lang='lat' dir='ltr'><strong>recusasse&#39;*</strong></span> 
     </span>
    </p>
   </div>
   <div class='ocr_carea' id='block_1_6' title="bbox 346 1736 1355 2221">
    <p class='ocr_par' dir='ltr' id='par_1_6' title="bbox 346 1736 1355 2221">
     <span class='ocr_line' id='line_1_10' title="bbox 431 1736 1352 1820; baseline 0.003 -14"><span class='ocrx_word' id='word_1_56' title='bbox 431 1736 624 1820; x_wconf 77' lang='lat' dir='ltr'><strong>“Quadrati</strong></span> <span class='ocrx_word' id='word_1_57' title='bbox 647 1739 752 1807; x_wconf 89' lang='lat' dir='ltr'><strong>Recta</strong></span> <span class='ocrx_word' id='word_1_58' title='bbox 768 1738 844 1808; x_wconf 89' lang='lat' dir='ltr'><strong>binc</strong></span> <span class='ocrx_word' id='word_1_59' title='bbox 860 1739 964 1808; x_wconf 91' lang='lat' dir='ltr'><strong>illatio</strong></span> <span class='ocrx_word' id='word_1_60' title='bbox 980 1747 1033 1808; x_wconf 92' lang='lat' dir='ltr'><strong>est</strong></span> <span class='ocrx_word' id='word_1_61' title='bbox 1047 1762 1110 1809; x_wconf 93' lang='lat' dir='ltr'><strong>nos</strong></span> <span class='ocrx_word' id='word_1_62' title='bbox 1124 1762 1146 1809; x_wconf 91' lang='lat' dir='ltr'><strong>a</strong></span> <span class='ocrx_word' id='word_1_63' title='bbox 1160 1762 1243 1809; x_wconf 89' lang='lat' dir='ltr'><strong>vero</strong></span> <span class='ocrx_word' id='word_1_64' title='bbox 1259 1739 1352 1809; x_wconf 88' lang='lat' dir='ltr'><strong>haud</strong></span> 
     </span>
     <span class='ocr_line' id='line_1_11' title="bbox 348 1837 1349 1922; baseline 0.001 -16"><span class='ocrx_word' id='word_1_65' title='bbox 348 1837 475 1907; x_wconf 88' lang='lat' dir='ltr'><strong>abesse.</strong></span> <span class='ocrx_word' id='word_1_66' title='bbox 499 1838 685 1920; x_wconf 83' lang='lat' dir='ltr'><strong>Negotium</strong></span> <span class='ocrx_word' id='word_1_67' title='bbox 698 1861 780 1921; x_wconf 93' lang='lat' dir='ltr'><strong>ergo</strong></span> <span class='ocrx_word' id='word_1_68' title='bbox 797 1839 917 1908; x_wconf 88' lang='lat' dir='ltr'><strong>Franci</strong></span> <span class='ocrx_word' id='word_1_69' title='bbox 933 1839 977 1908; x_wconf 92' lang='lat' dir='ltr'><strong>ad</strong></span> <span class='ocrx_word' id='word_1_70' title='bbox 988 1862 1103 1909; x_wconf 91' lang='lat' dir='ltr'><strong>arcam</strong></span> <span class='ocrx_word' id='word_1_71' title='bbox 1126 1840 1349 1922; x_wconf 81' lang='lat' dir='ltr'><strong>forulumque</strong></span> 
     </span>
     <span class='ocr_line' id='line_1_12' title="bbox 347 1939 1353 2023; baseline 0.001 -17"><span class='ocrx_word' id='word_1_72' title='bbox 347 1939 519 2007; x_wconf 90' lang='lat' dir='ltr'><strong>occultum</strong></span> <span class='ocrx_word' id='word_1_73' title='bbox 534 1939 712 2008; x_wconf 86' lang='lat' dir='ltr'><strong>attinebat.</strong></span> <span class='ocrx_word' id='word_1_74' title='bbox 728 1939 826 2008; x_wconf 90' lang='lat' dir='ltr'><strong>Solus</strong></span> <span class='ocrx_word' id='word_1_75' title='bbox 842 1939 989 2020; x_wconf 87' lang='lat' dir='ltr'><strong>relictus,</strong></span> <span class='ocrx_word' id='word_1_76' title='bbox 1005 1963 1119 2010; x_wconf 90' lang='lat' dir='ltr'><strong>arcam</strong></span> <span class='ocrx_word' id='word_1_77' title='bbox 1139 1941 1173 2009; x_wconf 93' lang='lat' dir='ltr'><strong>in</strong></span> <span class='ocrx_word' id='word_1_78' title='bbox 1189 1940 1353 2023; x_wconf 90' lang='lat' dir='ltr'><strong>contiguo</strong></span> 
     </span>
     <span class='ocr_line' id='line_1_13' title="bbox 346 2038 1355 2124; baseline 0.002 -18"><span class='ocrx_word' id='word_1_79' title='bbox 346 2038 501 2107; x_wconf 92' lang='lat' dir='ltr'><strong>cubiculo</strong></span> <span class='ocrx_word' id='word_1_80' title='bbox 516 2039 667 2108; x_wconf 86' lang='lat' dir='ltr'><strong>conclavi</strong></span> <span class='ocrx_word' id='word_1_81' title='bbox 683 2039 907 2122; x_wconf 86' lang='lat' dir='ltr'><strong>conspicatus,</strong></span> <span class='ocrx_word' id='word_1_82' title='bbox 929 2041 1081 2110; x_wconf 84' lang='lat' dir='ltr'><strong>forulum</strong></span> <span class='ocrx_word' id='word_1_83' title='bbox 1097 2041 1229 2124; x_wconf 85' lang='lat' dir='ltr'><strong>aperire</strong></span> <span class='ocrx_word' id='word_1_84' title='bbox 1245 2048 1355 2109; x_wconf 87' lang='lat' dir='ltr'><strong>tenta-</strong></span> 
     </span>
     <span class='ocr_line' id='line_1_14' title="bbox 347 2139 737 2221; baseline 0 -14"><span class='ocrx_word' id='word_1_85' title='bbox 347 2139 408 2220; x_wconf 90' lang='lat' dir='ltr'><strong>vit,</strong></span> <span class='ocrx_word' id='word_1_86' title='bbox 423 2139 561 2221; x_wconf 82' lang='lat' dir='ltr'><strong>fuitque</strong></span> <span class='ocrx_word' id='word_1_87' title='bbox 576 2141 737 2209; x_wconf 84' lang='lat' dir='ltr'><strong>occisus.”</strong></span> 
     </span>
    </p>
   </div>
   <div class='ocr_carea' id='block_1_7' title="bbox 347 2255 1357 3863">
    <p class='ocr_par' dir='ltr' id='par_1_7' title="bbox 347 2255 1356 2426">
     <span class='ocr_line' id='line_1_15' title="bbox 431 2255 1356 2341; baseline 0 -15"><span class='ocrx_word' id='word_1_88' title='bbox 431 2255 597 2326; x_wconf 86' lang='lat' dir='ltr'><strong>“Prorsus</strong></span> <span class='ocrx_word' id='word_1_89' title='bbox 611 2256 690 2339; x_wconf 86' lang='lat' dir='ltr'><strong>ita,”</strong></span> <span class='ocrx_word' id='word_1_90' title='bbox 706 2256 856 2339; x_wconf 92' lang='lat' dir='ltr'><strong>approbo</strong></span> <span class='ocrx_word' id='word_1_91' title='bbox 872 2277 955 2338; x_wconf 91' lang='lat' dir='ltr'><strong>ego;</strong></span> <span class='ocrx_word' id='word_1_92' title='bbox 979 2256 1082 2341; x_wconf 84' lang='lat' dir='ltr'><strong>“quid</strong></span> <span class='ocrx_word' id='word_1_93' title='bbox 1098 2279 1181 2327; x_wconf 91' lang='lat' dir='ltr'><strong>vero</strong></span> <span class='ocrx_word' id='word_1_94' title='bbox 1202 2257 1245 2326; x_wconf 91' lang='lat' dir='ltr'><strong>de</strong></span> <span class='ocrx_word' id='word_1_95' title='bbox 1267 2256 1356 2326; x_wconf 89' lang='lat' dir='ltr'><strong>Van·</strong></span> 
     </span>
     <span class='ocr_line' id='line_1_16' title="bbox 347 2357 469 2426; baseline 0.016 -2"><span class='ocrx_word' id='word_1_96' title='bbox 347 2357 419 2426; x_wconf 90' lang='lat' dir='ltr'><strong>tine</strong></span> <span class='ocrx_word' id='word_1_97' title='bbox 433 2357 469 2426; x_wconf 78' lang='lat'><strong>?&#39;&#39;</strong></span> 
     </span>
    </p>

    <p class='ocr_par' dir='ltr' id='par_1_8' title="bbox 347 2458 1356 3029">
     <span class='ocr_line' id='line_1_17' title="bbox 432 2458 1355 2541; baseline 0 -14"><span class='ocrx_word' id='word_1_98' title='bbox 432 2458 545 2528; x_wconf 88' lang='lat' dir='ltr'><strong>“Mors</strong></span> <span class='ocrx_word' id='word_1_99' title='bbox 560 2458 708 2528; x_wconf 89' lang='lat' dir='ltr'><strong>Vantine</strong></span> <span class='ocrx_word' id='word_1_100' title='bbox 725 2460 782 2526; x_wconf 88' lang='lat' dir='ltr'><strong>vix</strong></span> <span class='ocrx_word' id='word_1_101' title='bbox 799 2466 870 2527; x_wconf 89' lang='lat' dir='ltr'><strong>tam</strong></span> <span class='ocrx_word' id='word_1_102' title='bbox 886 2459 986 2528; x_wconf 80' lang='lat' dir='ltr'><strong>facile</strong></span> <span class='ocrx_word' id='word_1_103' title='bbox 1002 2459 1236 2541; x_wconf 80' lang='lat' dir='ltr'><strong>explicabitur.</strong></span> <span class='ocrx_word' id='word_1_104' title='bbox 1253 2458 1355 2528; x_wconf 88' lang='lat' dir='ltr'><strong>Haud</strong></span> 
     </span>
     <span class='ocr_line' id='line_1_18' title="bbox 348 2558 1356 2642; baseline 0.002 -16"><span class='ocrx_word' id='word_1_105' title='bbox 348 2559 494 2629; x_wconf 84' lang='lat' dir='ltr'><strong>absurde</strong></span> <span class='ocrx_word' id='word_1_106' title='bbox 510 2559 758 2640; x_wconf 89' lang='lat' dir='ltr'><strong>suspicabimur</strong></span> <span class='ocrx_word' id='word_1_107' title='bbox 773 2565 808 2627; x_wconf 92' lang='lat' dir='ltr'><strong>et</strong></span> <span class='ocrx_word' id='word_1_108' title='bbox 824 2558 1001 2628; x_wconf 88' lang='lat' dir='ltr'><strong>mulierem</strong></span> <span class='ocrx_word' id='word_1_109' title='bbox 1017 2559 1136 2628; x_wconf 93' lang='lat' dir='ltr'><strong>eodem</strong></span> <span class='ocrx_word' id='word_1_110' title='bbox 1151 2559 1289 2642; x_wconf 91' lang='lat' dir='ltr'><strong>negotio</strong></span> <span class='ocrx_word' id='word_1_111' title='bbox 1305 2581 1356 2628; x_wconf 90' lang='lat' dir='ltr'><strong>ar·</strong></span> 
     </span>
     <span class='ocr_line' id='line_1_19' title="bbox 347 2658 1355 2742; baseline 0 -14"><span class='ocrx_word' id='word_1_112' title='bbox 347 2659 550 2729; x_wconf 83' lang='lat' dir='ltr'><strong>caeductam</strong></span> <span class='ocrx_word' id='word_1_113' title='bbox 566 2660 710 2728; x_wconf 90' lang='lat' dir='ltr'><strong>venisse.</strong></span> <span class='ocrx_word' id='word_1_114' title='bbox 738 2658 816 2741; x_wconf 89' lang='lat' dir='ltr'><strong>Ipsa</strong></span> <span class='ocrx_word' id='word_1_115' title='bbox 841 2681 978 2742; x_wconf 85' lang='lat' dir='ltr'><strong>quoque</strong></span> <span class='ocrx_word' id='word_1_116' title='bbox 1004 2660 1177 2728; x_wconf 92' lang='lat' dir='ltr'><strong>occultum</strong></span> <span class='ocrx_word' id='word_1_117' title='bbox 1202 2660 1355 2728; x_wconf 79' lang='lat' dir='ltr'><strong>forulum</strong></span> 
     </span>
     <span class='ocr_line' id='line_1_20' title="bbox 349 2758 1356 2842; baseline 0.001 -15"><span class='ocrx_word' id='word_1_118' title='bbox 349 2759 484 2829; x_wconf 86' lang='lat' dir='ltr'><strong>volebat</strong></span> <span class='ocrx_word' id='word_1_119' title='bbox 511 2759 653 2842; x_wconf 85' lang='lat' dir='ltr'><strong>aperire,</strong></span> <span class='ocrx_word' id='word_1_120' title='bbox 679 2765 715 2827; x_wconf 90' lang='lat' dir='ltr'><strong>et</strong></span> <span class='ocrx_word' id='word_1_121' title='bbox 740 2781 778 2827; x_wconf 92' lang='lat' dir='ltr'><strong>re</strong></span> <span class='ocrx_word' id='word_1_122' title='bbox 802 2758 926 2827; x_wconf 90' lang='lat' dir='ltr'><strong>ibidem</strong></span> <span class='ocrx_word' id='word_1_123' title='bbox 951 2759 1060 2828; x_wconf 74' lang='lat' dir='ltr'><strong>celata</strong></span> <span class='ocrx_word' id='word_1_124' title='bbox 1086 2759 1185 2842; x_wconf 89' lang='lat' dir='ltr'><strong>potiri</strong></span> <span class='ocrx_word' id='word_1_125' title='bbox 1207 2793 1239 2804; x_wconf 80' lang='lat'>-</span> <span class='ocrx_word' id='word_1_126' title='bbox 1264 2759 1356 2842; x_wconf 85' lang='lat' dir='ltr'><strong>quod</strong></span> 
     </span>
     <span class='ocr_line' id='line_1_21' title="bbox 348 2858 1356 2943; baseline -0.002 -14"><span class='ocrx_word' id='word_1_127' title='bbox 348 2859 486 2942; x_wconf 86' lang='lat' dir='ltr'><strong>quidem</strong></span> <span class='ocrx_word' id='word_1_128' title='bbox 500 2866 634 2928; x_wconf 89' lang='lat' dir='ltr'><strong>certum</strong></span> <span class='ocrx_word' id='word_1_129' title='bbox 649 2858 787 2928; x_wconf 87' lang='lat' dir='ltr'><strong>videtur</strong></span> <span class='ocrx_word' id='word_1_130' title='bbox 801 2880 844 2927; x_wconf 91' lang='lat' dir='ltr'><strong>ex</strong></span> <span class='ocrx_word' id='word_1_131' title='bbox 859 2858 933 2928; x_wconf 90' lang='lat' dir='ltr'><strong>eius</strong></span> <span class='ocrx_word' id='word_1_132' title='bbox 947 2880 1026 2928; x_wconf 91' lang='lat' dir='ltr'><strong>cum</strong></span> <span class='ocrx_word' id='word_1_133' title='bbox 1042 2859 1144 2943; x_wconf 92' lang='lat' dir='ltr'><strong>priori</strong></span> <span class='ocrx_word' id='word_1_134' title='bbox 1155 2858 1289 2929; x_wconf 85' lang='lat' dir='ltr'><strong>advena</strong></span> <span class='ocrx_word' id='word_1_135' title='bbox 1304 2860 1356 2927; x_wconf 88' lang='lat' dir='ltr'><strong>fa-</strong></span> 
     </span>
     <span class='ocr_line' id='line_1_22' title="bbox 348 2960 573 3029; baseline 0 -1"><span class='ocrx_word' id='word_1_136' title='bbox 348 2960 573 3029; x_wconf 84' lang='lat' dir='ltr'><strong>miliaritate.&#39;&#39;</strong></span> 
     </span>
    </p>

    <p class='ocr_par' dir='ltr' id='par_1_9' title="bbox 350 3075 1355 3259">
     <span class='ocr_line' id='line_1_23' title="bbox 433 3075 1355 3160; baseline -0.001 -14"><span class='ocrx_word' id='word_1_137' title='bbox 433 3077 615 3159; x_wconf 83' lang='lat' dir='ltr'><strong>“Usquene</strong></span> <span class='ocrx_word' id='word_1_138' title='bbox 630 3076 739 3145; x_wconf 92' lang='lat' dir='ltr'><strong>credis</strong></span> <span class='ocrx_word' id='word_1_139' title='bbox 754 3077 828 3145; x_wconf 91' lang='lat' dir='ltr'><strong>eius</strong></span> <span class='ocrx_word' id='word_1_140' title='bbox 843 3075 951 3146; x_wconf 80' lang='lat' dir='ltr'><strong>fuisse</strong></span> <span class='ocrx_word' id='word_1_141' title='bbox 965 3076 1114 3160; x_wconf 88' lang='lat' dir='ltr'><strong>effigiem</strong></span> <span class='ocrx_word' id='word_1_142' title='bbox 1129 3098 1234 3159; x_wconf 85' lang='lat' dir='ltr'><strong>quam</strong></span> <span class='ocrx_word' id='word_1_143' title='bbox 1250 3077 1305 3146; x_wconf 86' lang='lat' dir='ltr'><strong>iile</strong></span> <span class='ocrx_word' id='word_1_144' title='bbox 1320 3076 1355 3145; x_wconf 90' lang='lat' dir='ltr'><strong>in</strong></span> 
     </span>
     <span class='ocr_line' id='line_1_24' title="bbox 350 3177 724 3259; baseline -0.005 -12"><span class='ocrx_word' id='word_1_145' title='bbox 350 3178 557 3258; x_wconf 86' lang='lat' dir='ltr'><strong>horoiogiolo</strong></span> <span class='ocrx_word' id='word_1_146' title='bbox 573 3177 678 3259; x_wconf 81' lang='lat' dir='ltr'><strong>gessit</strong></span> <span class='ocrx_word' id='word_1_147' title='bbox 688 3178 724 3245; x_wconf 86' lang='lat'><strong>?’&#39;</strong></span> 
     </span>
    </p>

    <p class='ocr_par' dir='ltr' id='par_1_10' title="bbox 349 3275 1357 3863">
     <span class='ocr_line' id='line_1_25' title="bbox 433 3275 1357 3360; baseline 0 -14"><span class='ocrx_word' id='word_1_148' title='bbox 433 3277 493 3346; x_wconf 93' lang='lat' dir='ltr'><strong>“Id</strong></span> <span class='ocrx_word' id='word_1_149' title='bbox 509 3299 569 3360; x_wconf 93' lang='lat' dir='ltr'><strong>pro</strong></span> <span class='ocrx_word' id='word_1_150' title='bbox 585 3285 678 3346; x_wconf 89' lang='lat' dir='ltr'><strong>certo</strong></span> <span class='ocrx_word' id='word_1_151' title='bbox 694 3277 770 3346; x_wconf 92' lang='lat' dir='ltr'><strong>scio.</strong></span> <span class='ocrx_word' id='word_1_152' title='bbox 793 3275 858 3346; x_wconf 89' lang='lat' dir='ltr'><strong>Sed</strong></span> <span class='ocrx_word' id='word_1_153' title='bbox 875 3277 933 3359; x_wconf 87' lang='lat' dir='ltr'><strong>qui</strong></span> <span class='ocrx_word' id='word_1_154' title='bbox 948 3276 1069 3346; x_wconf 87' lang='lat' dir='ltr'><strong>accidit</strong></span> <span class='ocrx_word' id='word_1_155' title='bbox 1085 3284 1126 3345; x_wconf 92' lang='lat' dir='ltr'><strong>ut</strong></span> <span class='ocrx_word' id='word_1_156' title='bbox 1140 3276 1288 3346; x_wconf 87' lang='lat' dir='ltr'><strong>Vantine</strong></span> <span class='ocrx_word' id='word_1_157' title='bbox 1303 3298 1357 3346; x_wconf 93' lang='lat' dir='ltr'><strong>oc·</strong></span> 
     </span>
     <span class='ocr_line' id='line_1_26' title="bbox 349 3375 1356 3458; baseline -0.001 -11"><span class='ocrx_word' id='word_1_158' title='bbox 349 3378 542 3447; x_wconf 78' lang='lat' dir='ltr'><strong>cideretur?</strong></span> <span class='ocrx_word' id='word_1_159' title='bbox 563 3378 656 3446; x_wconf 93' lang='lat' dir='ltr'><strong>Num</strong></span> <span class='ocrx_word' id='word_1_160' title='bbox 670 3377 792 3446; x_wconf 85' lang='lat' dir='ltr'><strong>mulier</strong></span> <span class='ocrx_word' id='word_1_161' title='bbox 807 3377 881 3445; x_wconf 80' lang='lat' dir='ltr'><strong>fato</strong></span> <span class='ocrx_word' id='word_1_162' title='bbox 907 3377 1027 3458; x_wconf 89' lang='lat' dir='ltr'><strong>prioris</strong></span> <span class='ocrx_word' id='word_1_163' title='bbox 1053 3376 1183 3446; x_wconf 88' lang='lat' dir='ltr'><strong>monita</strong></span> <span class='ocrx_word' id='word_1_164' title='bbox 1207 3375 1356 3446; x_wconf 88' lang='lat' dir='ltr'><strong>Vantine</strong></span> 
     </span>
     <span class='ocr_line' id='line_1_27' title="bbox 350 3476 1357 3559; baseline -0.002 -12"><span class='ocrx_word' id='word_1_165' title='bbox 350 3478 392 3548; x_wconf 90' lang='lat' dir='ltr'><strong>ad</strong></span> <span class='ocrx_word' id='word_1_166' title='bbox 410 3477 611 3547; x_wconf 84' lang='lat' dir='ltr'><strong>tentandum</strong></span> <span class='ocrx_word' id='word_1_167' title='bbox 628 3478 780 3546; x_wconf 81' lang='lat' dir='ltr'><strong>forulum</strong></span> <span class='ocrx_word' id='word_1_168' title='bbox 796 3478 952 3546; x_wconf 94' lang='lat' dir='ltr'><strong>consulto</strong></span> <span class='ocrx_word' id='word_1_169' title='bbox 967 3476 1149 3558; x_wconf 87' lang='lat' dir='ltr'><strong>induxerit,</strong></span> <span class='ocrx_word' id='word_1_170' title='bbox 1164 3499 1208 3546; x_wconf 87' lang='lat' dir='ltr'><strong>ne</strong></span> <span class='ocrx_word' id='word_1_171' title='bbox 1224 3476 1286 3546; x_wconf 90' lang='lat' dir='ltr'><strong>sibi</strong></span> <span class='ocrx_word' id='word_1_172' title='bbox 1301 3498 1357 3559; x_wconf 74' lang='lat' dir='ltr'><strong>pe</strong></span> 
     </span>
     <span class='ocr_line' id='line_1_28' title="bbox 350 3577 1357 3660; baseline -0.002 -12"><span class='ocrx_word' id='word_1_173' title='bbox 350 3577 568 3648; x_wconf 87' lang='lat' dir='ltr'><strong>riclitandum</strong></span> <span class='ocrx_word' id='word_1_174' title='bbox 595 3579 707 3648; x_wconf 77' lang='lat' dir='ltr'><strong>esset?</strong></span> <span class='ocrx_word' id='word_1_175' title='bbox 743 3578 797 3646; x_wconf 86' lang='lat' dir='ltr'><strong>An</strong></span> <span class='ocrx_word' id='word_1_176' title='bbox 813 3599 896 3646; x_wconf 91' lang='lat' dir='ltr'><strong>vero</strong></span> <span class='ocrx_word' id='word_1_177' title='bbox 911 3577 984 3659; x_wconf 88' lang='lat' dir='ltr'><strong>ipsa</strong></span> <span class='ocrx_word' id='word_1_178' title='bbox 1000 3599 1137 3660; x_wconf 85' lang='lat' dir='ltr'><strong>quoque</strong></span> <span class='ocrx_word' id='word_1_179' title='bbox 1152 3577 1273 3660; x_wconf 88' lang='lat' dir='ltr'><strong>ignara</strong></span> <span class='ocrx_word' id='word_1_180' title='bbox 1288 3599 1357 3646; x_wconf 87' lang='lat' dir='ltr'><strong>me·</strong></span> 
     </span>
     <span class='ocr_line' id='line_1_29' title="bbox 350 3677 1356 3749; baseline -0.002 0"><span class='ocrx_word' id='word_1_181' title='bbox 350 3679 569 3749; x_wconf 83' lang='lat' dir='ltr'><strong>chanismatis</strong></span> <span class='ocrx_word' id='word_1_182' title='bbox 593 3679 683 3749; x_wconf 82' lang='lat' dir='ltr'><strong>fuit?</strong></span> <span class='ocrx_word' id='word_1_183' title='bbox 720 3677 914 3747; x_wconf 64' lang='lat' dir='ltr'><strong>Praesertim</strong></span> <span class='ocrx_word' id='word_1_184' title='bbox 940 3700 1022 3747; x_wconf 87' lang='lat' dir='ltr'><strong>vero</strong></span> <span class='ocrx_word' id='word_1_185' title='bbox 1047 3699 1127 3748; x_wconf 92' lang='lat' dir='ltr'><strong>cum</strong></span> <span class='ocrx_word' id='word_1_186' title='bbox 1153 3699 1356 3748; x_wconf 87' lang='lat' dir='ltr'><strong>successune</strong></span> 
     </span>
     <span class='ocr_line' id='line_1_30' title="bbox 350 3776 1043 3863; baseline -0.001 -14"><span class='ocrx_word' id='word_1_187' title='bbox 350 3781 423 3863; x_wconf 90' lang='lat' dir='ltr'><strong>ipsa</strong></span> <span class='ocrx_word' id='word_1_188' title='bbox 439 3801 493 3848; x_wconf 89' lang='lat' dir='ltr'><strong>res</strong></span> <span class='ocrx_word' id='word_1_189' title='bbox 508 3779 542 3848; x_wconf 93' lang='lat' dir='ltr'><strong>in</strong></span> <span class='ocrx_word' id='word_1_190' title='bbox 559 3801 638 3848; x_wconf 91' lang='lat' dir='ltr'><strong>arca</strong></span> <span class='ocrx_word' id='word_1_191' title='bbox 652 3779 786 3848; x_wconf 85' lang='lat' dir='ltr'><strong>clausas</strong></span> <span class='ocrx_word' id='word_1_192' title='bbox 800 3776 1043 3849; x_wconf 47' lang='lat' dir='ltr'><strong>subduxero?</strong></span> 
     </span>
    </p>
   </div>
   <div class='ocr_carea' id='block_1_8' title="bbox 435 3894 1305 4079">
    <p class='ocr_par' dir='ltr' id='par_1_11' title="bbox 435 3894 1305 4079">
     <span class='ocr_line' id='line_1_31' title="bbox 435 3894 1305 3978; baseline 0 -14"><span class='ocrx_word' id='word_1_193' title='bbox 435 3895 560 3965; x_wconf 89' lang='lat' dir='ltr'><strong>“Miror</strong></span> <span class='ocrx_word' id='word_1_194' title='bbox 575 3895 657 3978; x_wconf 87' lang='lat' dir='ltr'><strong>quid</strong></span> <span class='ocrx_word' id='word_1_195' title='bbox 673 3917 752 3965; x_wconf 89' lang='lat' dir='ltr'><strong>arca</strong></span> <span class='ocrx_word' id='word_1_196' title='bbox 766 3894 884 3974; x_wconf 86' lang='lat' dir='ltr'><strong>celet,”</strong></span> <span class='ocrx_word' id='word_1_197' title='bbox 900 3895 1056 3965; x_wconf 85' lang='lat' dir='ltr'><strong>curiosus</strong></span> <span class='ocrx_word' id='word_1_198' title='bbox 1071 3895 1216 3978; x_wconf 82' lang='lat' dir='ltr'><strong>quaerito</strong></span> <span class='ocrx_word' id='word_1_199' title='bbox 1231 3917 1305 3977; x_wconf 90' lang='lat' dir='ltr'><strong>ego.</strong></span> 
     </span>
     <span class='ocr_line' id='line_1_32' title="bbox 435 3995 912 4079; baseline -0.006 -12"><span class='ocrx_word' id='word_1_200' title='bbox 435 3996 497 4079; x_wconf 82' lang='lat' dir='ltr'><strong>“A,</strong></span> <span class='ocrx_word' id='word_1_201' title='bbox 513 3997 645 4066; x_wconf 86' lang='lat' dir='ltr'><strong>utinam</strong></span> <span class='ocrx_word' id='word_1_202' title='bbox 661 3995 694 4065; x_wconf 94' lang='lat' dir='ltr'><strong>id</strong></span> <span class='ocrx_word' id='word_1_203' title='bbox 711 3996 875 4066; x_wconf 91' lang='lat' dir='ltr'><strong>sciremus</strong></span> <span class='ocrx_word' id='word_1_204' title='bbox 884 3995 912 4064; x_wconf 85' lang='lat'><strong>!”</strong></span> 
     </span>
    </p>
   </div>
   <div class='ocr_carea' id='block_1_9' title="bbox 0 0 1577 5016">
    <p class='ocr_par' dir='ltr' id='par_1_12' title="bbox 0 0 1577 5016">
     <span class='ocr_line' id='line_1_33' title="bbox 0 0 1577 5016; baseline 0 0"><span class='ocrx_word' id='word_1_205' title='bbox 0 0 1577 5016; x_wconf 95' lang='lat' dir='ltr'><strong> </strong></span> 
     </span>
    </p>
   </div>
  </div>
 </body>
</html>
