3150 5468
287 1146 350 1216 238
553 1160 762 1215 urmnmun
783 1160 891 1215 onom
912 1153 1032 1214 noune

371 1326 514 1398 “Nonne
528 1328 591 1398 hoc
606 1328 641 1398 in
656 1327 812 1399 absurdis
833 1327 1030 1399 habendum
1053 1333 1105 1398 est
1113 1326 1150 1396 ?”
1172 1345 1292 1409 quaero

284 1450 359 1512 ego.

368 1525 467 1598 “Non
482 1527 619 1611 quidem
634 1549 677 1597 ex
692 1528 816 1598 obtutu
844 1550 915 1598 suo.
952 1528 1027 1612 Ipse
1043 1527 1134 1597 enim
1148 1546 1217 1595 non
1232 1525 1290 1595 fu·

284 1635 381 1698 ratur
396 1650 439 1697 ex
454 1635 616 1712 egestate,
631 1627 744 1697 animo
758 1618 836 1698 iult
851 1629 1043 1698 concitari.''

370 1727 445 1798 “Tu
459 1729 576 1811 itaque
590 1728 680 1798 nosti
694 1727 770 1811 quis
784 1727 856 1811 ipse
871 1727 916 1797 sit
924 1728 961 1797 ?''
977 1749 1104 1811 quaero.

369 1827 443 1898 “Ita
457 1836 542 1911 puto
557 1863 599 1873 —
620 1827 774 1898 erdstimo
797 1849 853 1898 me
879 1828 982 1910 scire;
1012 1848 1136 1899 verum
1160 1847 1204 1897 ne
1227 1824 1290 1897 uti

284 1927 422 2011 quidem
453 1928 609 1998 revelabo
638 1928 744 1998 donec
772 1936 866 1998 certo
896 1928 1009 1998 sciam.
1042 1927 1142 1998 Libet
1172 1933 1289 1997 tamen

286 2050 396 2099 unum
411 2029 475 2098 hoc
488 2028 602 2110 fateri,
617 2063 658 2072 -
669 2027 697 2097 si
708 2028 772 2098 iste
784 2028 812 2098 is
823 2029 867 2098 sit
882 2050 986 2113 quem
995 2050 1076 2099 eum
1086 2049 1159 2098 esse
1169 2034 1290 2110 putem

284 2128 461 2212 ingenium
474 2150 591 2198 meum
606 2150 685 2198 cum
700 2128 838 2212 ingenio
853 2129 927 2199 eius
940 2150 1118 2199 conserere
1133 2127 1291 2212 volupta-

284 2229 311 2298 ti
325 2229 407 2298 mihi
423 2235 520 2299 esset.
543 2228 605 2298 His
618 2229 654 2298 in
669 2229 874 2312 regionibus,
889 2229 937 2299 cis
951 2251 1126 2311 oceanum,
1147 2227 1222 2298 eius
1245 2226 1289 2297 si-

284 2328 398 2398 milem
412 2350 480 2397 non
495 2329 662 2399 habemus
675 2364 705 2375 ·-
732 2331 796 2398 hoc
809 2336 926 2398 autem
941 2329 1104 2399 miserum
1119 2336 1171 2398 est
1181 2327 1210 2396 !''

367 2429 450 2498 Mihi
465 2429 603 2512 quidem
619 2431 682 2499 hac
698 2431 740 2500 de
756 2452 792 2499 re
808 2429 965 2500 dubitare
980 2429 1080 2499 licere
1094 2428 1289 2508 videbatur,

283 2551 352 2598 non
383 2530 473 2599 enim
498 2530 527 2599 is
552 2551 629 2600 sum
652 2530 712 2614 qui
735 2529 912 2613 praedones
932 2529 1110 2613 ingenuos,
1134 2528 1238 2599 etiam
1253 2528 1289 2597 in

284 2630 385 2712 poesi,
401 2630 616 2701 admirandos
630 2653 702 2700 esse
719 2637 847 2713 putem.
863 2630 1177 2713 Quantumcunque
1191 2628 1289 2698 deco-

284 2750 397 2799 rusae
412 2731 574 2813 pictorius
589 2731 735 2813 quisque
749 2731 809 2799 fur
828 2730 882 2812 sit,
897 2737 1013 2799 tamen
1039 2736 1092 2799 est
1116 2729 1186 2798 fur.
1209 2727 1290 2798 For·

282 2834 372 2898 tasse
387 2837 440 2899 est
455 2852 541 2912 mea,
557 2836 597 2898 ut
610 2829 776 2911 advocati,
800 2829 1020 2912 experientia,
1034 2836 1098 2899 aut
1111 2829 1203 2898 forte
1217 2849 1289 2896 mo·

281 2929 325 2999 do
339 2951 404 3012 ego
419 2951 496 2999 sum
511 2929 650 3012 angusti
673 2929 786 3011 animi,
803 2937 918 2999 tamen
937 2927 1151 3010 maleficium,
1167 2949 1288 3011 quam·

284 3051 420 3111 cunque
435 3029 572 3112 egregie
587 3037 796 3111 exerceatur,
811 3029 846 3097 in
862 3050 964 3099 causa
979 3036 1032 3098 est
1043 3049 1149 3110 quare
1164 3027 1199 3098 id
1214 3049 1288 3097 rem

284 3129 453 3199 sordidam
469 3137 504 3198 et
520 3136 656 3211 turpem
676 3150 842 3198 censeam.
865 3127 966 3198 Haud
990 3127 1110 3212 ignoro
1133 3149 1206 3198 esse
1227 3127 1288 3211 qui

282 3229 345 3299 has
368 3251 423 3298 res
445 3252 488 3298 ex
514 3228 579 3298 alio
601 3228 725 3298 obtutu
752 3228 951 3298 aestimanda
966 3234 1099 3311 putent
1136 3227 1289 3310 Godirey

283 3352 375 3399 unus
389 3329 512 3398 horum
528 3336 589 3398 est.

368 3428 475 3498 Docui
491 3451 581 3511 eum,
596 3429 623 3498 si
639 3451 711 3499 suae
731 3430 869 3499 valeant
892 3428 1105 3511 suspitiones,
1126 3427 1288 3498 futurum

284 3552 357 3599 esse
373 3537 413 3599 ut
430 3550 533 3598 suum
548 3529 725 3612 ingenium
740 3551 818 3599 cum
845 3529 980 3613 ingenio
1006 3528 1151 3600 Grandis
1175 3527 1288 3612 Ignoti

284 3631 315 3701 ei
331 3652 411 3699 mox
427 3651 602 3699 conserere
618 3630 743 3699 liceret.

368 3730 475 3801 “Sane
491 3730 659 3813 quidem,”
675 3730 806 3812 annuit,
832 3729 912 3800 “sed
937 3737 1049 3799 terror
1074 3728 1208 3799 lethalis
1228 3749 1284 3797 me

284 3831 394 3913 agitat
410 3866 448 3874 —
464 3831 516 3899 uti
532 3830 698 3900 hactenus
723 3852 855 3913 semper
869 3852 912 3899 ex
926 3851 995 3913 quo
1011 3829 1087 3912 quis
1101 3829 1173 3912 ipse
1188 3834 1288 3911 esset,

284 3929 446 4013 suspicari
472 3930 642 4013 coeperim.
665 3931 742 4000 Non
768 3930 867 3999 aliter
892 3929 1002 4000 sentio
1017 3950 1122 4013 quam
1136 3927 1289 3998 novitius

284 4031 344 4114 qui
359 4031 568 4100 latrunculos
582 4031 696 4100 lusum
711 4052 789 4100 cum
804 4030 968 4113 magistro
989 4029 1149 4112 congredi
1172 4050 1289 4112 exspe-

285 4131 400 4200 ctabat
425 4166 465 4175 -
489 4131 580 4200 intra
610 4153 708 4201 senos
738 4138 853 4200 motus
875 4130 1082 4200 calculorum
1104 4128 1140 4198 in
1154 4128 1285 4198 incitas¹

286 4231 508 4314 redagendus.

391 4451 413 4502 1.
426 4448 462 4502 Io
474 4448 584 4502 incitos
597 4448 706 4516 redigi:
720 4449 748 4502 in
762 4449 824 4501 ludo
835 4448 1059 4510 latrunculorum,
1080 4448 1128 4517 qui
1149 4448 1241 4516 agitur
1258 4447 1287 4500 in
