3150 5468
328 1212 389 1282 190
619 1220 1086 1282 uvsramuunncmaoum

411 1396 513 1465 “Haec
529 1397 668 1478 quidem
680 1396 877 1478 hactenus,”
894 1397 1086 1478 interpellat
1112 1396 1331 1478 Goldberger.

328 1496 480 1578 Godfrey
495 1504 611 1565 autem
628 1497 669 1565 de
686 1497 785 1578 podio
801 1497 983 1565 descendit.

412 1598 484 1678 Ego
501 1597 578 1665 dein
594 1597 636 1665 ad
652 1604 791 1665 narrata
806 1596 1036 1665 confirmanda
1051 1603 1232 1665 revocatus
1243 1618 1329 1665 sum.

329 1697 457 1778 Utique
473 1704 508 1764 et
522 1702 588 1778 ego
604 1697 701 1765 renui
716 1719 840 1764 nomen
867 1697 1017 1765 mulieris
1034 1697 1176 1777 prodere
1191 1719 1330 1766 causam

328 1797 409 1865 hero
427 1797 635 1878 Goldbcrger
657 1798 807 1878 allegans
831 1819 884 1865 me
901 1797 934 1865 id
950 1797 1138 1865 exercenda
1154 1797 1334 1880 professio

329 1920 373 1966 ne
390 1897 574 1977 rescivisse,
591 1919 645 1965 me
660 1897 867 1979 caeteroquin
883 1919 945 1978 pro
960 1905 1054 1966 certo
1065 1897 1150 1966 scire
1166 1919 1242 1965 eam
1259 1898 1333 1965 nul·

330 2000 400 2068 lum
416 1998 525 2066 scelus
547 2004 770 2080 perpetrasse,
786 2005 831 2077 et,
847 1997 1004 2078 denique,
1021 1997 1054 2065 id
1069 1999 1233 2079 evulgare
1259 2019 1334 2066 mu-

329 2098 401 2167 lieri
418 2097 542 2165 insonti
559 2098 705 2165 maximo
727 2097 939 2165 incommodo
965 2097 1084 2165 cedere
1111 2119 1218 2179 posse.
1241 2097 1333 2165 Nihil

330 2200 447 2279 itaque
463 2205 651 2279 supererat,
666 2197 729 2265 nisi
745 2203 784 2265 ut
800 2197 980 2278 inquisitor
1004 2197 1129 2266 auditis
1145 2219 1180 2266 se
1196 2204 1336 2266 conten·

328 2306 405 2366 tum
421 2319 493 2365 esse
509 2299 689 2366 fateretur.

411 2397 525 2477 Grady
542 2397 575 2464 in
592 2396 729 2478 podium
747 2397 871 2464 citatus
897 2419 964 2464 non
980 2397 1048 2465 fuit
1058 2419 1066 2477 ;
1089 2418 1132 2465 ne
1147 2396 1334 2479 inquisitio

331 2497 366 2565 ni
383 2497 519 2578 quidem
536 2497 703 2564 interfuit.
738 2497 826 2575 Quin
844 2497 921 2564 inde
936 2519 955 2564 a
972 2497 1079 2577 primo
1104 2496 1168 2577 die,
1191 2496 1332 2565 iunctim

327 2597 390 2665 hoc
406 2619 496 2677 casu,
521 2597 555 2664 in
570 2597 742 2678 publicum
758 2619 972 2678 nequaquam
998 2596 1139 2677 prodiit;
1163 2596 1254 2664 unde
1279 2618 1333 2665 su·

330 2697 449 2779 spicari
473 2697 560 2779 coepi
578 2719 613 2765 se
628 2719 705 2765 cum
734 2719 867 2776 arcano,
882 2697 980 2765 cuius
996 2697 1118 2764 solutio
1144 2697 1237 2764 nulla
1258 2695 1332 2764 fieri

332 2819 428 2879 posse
445 2797 637 2876 videbatur,
652 2805 687 2864 et
704 2797 793 2864 unde
808 2797 900 2864 nulla
915 2796 1022 2877 gloria
1037 2796 1071 2864 in
1088 2818 1123 2864 se
1140 2795 1330 2864 redundare

331 2904 454 2978 posset,
470 2897 642 2977 ingestum
659 2918 730 2963 esse
747 2896 843 2963 nolle.
867 2895 1007 2964 Summa
1029 2896 1135 2964 totius
1149 2898 1248 2964 castis
1263 2917 1333 2963 ma·

330 2996 432 3064 nibus
458 2995 649 3065 Simmonds
674 3003 726 3063 est
751 2995 953 3074 concredita,
979 2995 1118 3076 perinde
1145 3003 1180 3063 et
1204 2995 1275 3074 ipse
1290 3016 1332 3062 ex

332 3105 429 3179 parte
455 3096 602 3164 decuriae
628 3097 784 3164 lictorum
812 3095 1044 3163 testimonium
1076 3094 1258 3176 perhibuit,
1285 3095 1334 3163 in·

332 3219 448 3276 genue
474 3197 588 3263 fassus
604 3217 676 3263 rem
703 3195 839 3262 omnino
863 3216 1033 3276 nusquam
1059 3216 1142 3263 esse.
1175 3194 1217 3264 Se
1244 3195 1336 3263 aedes

330 3296 476 3363 Vantine
492 3317 626 3363 summa
641 3317 719 3363 cum
745 3317 828 3362 cura
851 3294 1078 3376 exploravissc
1103 3295 1225 3375 aiebat,
1248 3316 1334 3376 prce

328 3396 445 3463 sertim
463 3396 623 3463 conclave
639 3395 697 3463 ubi
714 3395 881 3463 cadavera
903 3402 1038 3476 reperta
1054 3403 1178 3475 essent,
1195 3416 1334 3476 prorsus

328 3496 411 3563 nihil
428 3504 542 3563 tamen
560 3496 722 3576 reperisse
739 3495 828 3576 quod
845 3494 887 3562 ad
904 3516 1066 3562 arcanum
1094 3494 1333 3563 resolvendum

330 3596 443 3663 lumen
460 3596 584 3663 afferre
601 3603 722 3676 posset.
747 3595 863 3662 Fuisse
880 3595 913 3662 in
929 3617 969 3662 eo
985 3594 1111 3676 aliquid
1135 3595 1332 3663 daemoniaci

328 3695 453 3776 aliquid
471 3695 561 3776 quod
577 3716 691 3762 rerum
708 3703 867 3762 naturam
880 3716 977 3776 paene
989 3703 1175 3776 superaret.
1185 3694 1227 3763 Se
1239 3715 1333 3776 spem

328 3795 474 3862 necdum
490 3794 695 3874 deposuisse,
712 3802 747 3861 et
763 3816 872 3875 usque
895 3794 929 3861 in
956 3816 996 3861 ea
1020 3816 1056 3862 re
1082 3793 1184 3872 eniti;
1207 3801 1332 3874 tamen,

329 3895 356 3962 si
372 3916 534 3962 arcanum
551 3915 704 3975 unquam
721 3893 908 3975 patefieret,
925 3915 960 3961 se
976 3893 1038 3961 sibi
1053 3915 1254 3975 persuasum
1274 3892 1333 3961 ha-

330 3994 409 4062 bere
436 3994 527 4061 haud
554 3994 653 4061 aliter
682 4016 785 4075 quam
809 4015 889 4061 casu
915 3993 1062 4075 quodam
1089 3993 1243 4074 fortuito,
1271 4007 1332 4061 aut

329 4095 541 4163 confessione
558 4094 663 4175 ipsius
679 4095 726 4161 rei
742 4094 774 4161 id
792 4095 942 4161 solutum
957 4093 1007 4161 iri.

413 4194 543 4261 Herum
559 4192 768 4274 Goldberger
784 4193 937 4260 tribulari
964 4193 1018 4261 vel
1033 4192 1111 4260 inde
1127 4193 1238 4274 palam
1253 4199 1328 4260 erat

330 4294 419 4374 quod
435 4301 603 4374 mystaccs
619 4315 697 4360 suas
713 4314 856 4359 nervose
871 4291 1022 4372 rodebat,
1039 4313 1159 4360 verum
1182 4313 1244 4359 nec
1267 4291 1329 4373 ipsi

330 4395 523 4474 plusquam
540 4392 686 4460 decuriae
702 4392 897 4470 constabat;
915 4413 976 4459 nec
993 4399 1157 4473 praeterea
1174 4391 1229 4459 vel
1244 4391 1331 4459 mica

328 4493 509 4562 evidentiae
535 4493 638 4560 allata
662 4500 713 4559 est
741 4513 808 4572 qua
834 4491 952 4571 scelus,
982 4491 1123 4573 eiusque
1153 4497 1270 4560 reatus
1291 4491 1326 4560 in
