3150 5468
280 1241 345 1312 300
546 1256 759 1312 ursrnnruu
779 1256 888 1312 anca
909 1250 1030 1311 souin

346 1423 629 1575 “‘vquidquamne
645 1425 829 1496 meministi
854 1423 1145 1508 quemadmodum
1160 1423 1196 1494 id
1210 1444 1290 1494 eve·

283 1533 422 1696 nent“N
423 1626 481 1696 ihil
496 1626 694 1709 quidquam.
717 1624 895 1709 Paulisper
909 1627 979 1695 und
994 1623 1193 1695 sederamus
1207 1624 1292 1695 ami·

282 1726 416 1796 cissime
432 1727 717 1810 colloquentes-
731 1725 811 1794 inde
826 1725 909 1795 nihil
924 1725 1074 1808 amplius
1087 1723 1228 1795 memini
1236 1745 1291 1794 us·

286 1849 354 1909 que
369 1826 453 1895 dum
468 1825 503 1894 in
519 1826 715 1909 argentaria
729 1847 850 1895 sensus
865 1825 1096 1909 recuperavi.”

283 1925 535 2110 Gradebinam
563 1927 618 1996 ille
648 1926 750 1996 homo
780 1925 933 2009 Godfrey
964 1925 1059 1997 estl”
1090 1925 1289 2008 interpellat

369 2142 529 2213 “Meridie
545 2165 582 2214 se
596 2144 651 2214 hic
665 2144 827 2214 futurum
842 2141 1028 2227 promisit,”
1043 2141 1203 2226 respondi
1213 2163 1290 2226 ego,

282 2244 488 2326 aspectando
515 2266 632 2314 meum
656 2244 913 2328 horologiolum.
938 2241 1033 2313 “Iam
1053 2250 1107 2314 est
1120 2242 1289 2314 meridies

283 2343 390 2414 Hicne
405 2366 485 2414 eum
500 2351 734 2415 conventurus
748 2345 865 2415 erasl''

367 2461 483 2545 Grady
498 2461 679 2545 suspiciose
694 2483 750 2532 me
764 2461 1003 2532 contuebatur.

367 2560 527 2631 “Nihilne
542 2562 604 2631 tibi
619 2583 660 2631 ea
675 2562 718 2632 de
733 2561 963 2646 recognitum
977 2567 1029 2632 est
1035 2561 1072 2632 ‘l’'
1087 2560 1223 2644 quaerit.

367 2660 481 2731 “Nihil
496 2661 561 2731 nisi
576 2662 668 2744 quod
682 2683 738 2732 me
753 2669 794 2732 ut
809 2662 864 2732 hic
879 2669 1005 2746 praesto
1019 2683 1129 2733 essem
1140 2660 1288 2744 rogavit

287 2761 376 2845 Quid
391 2762 484 2832 estl’'

367 2876 530 2948 “Peream
553 2879 581 2948 si
597 2879 695 2962 sci0,'’
720 2878 836 2962 Grady
859 2878 1079 2963 impatienter
1103 2877 1288 2963 respondit

283 2977 381 3061 “lpse
397 2980 525 3047 etenim
539 2978 622 3048 mihi
637 2979 813 3049 nuntiavit
828 2979 936 3049 satius
950 2978 1013 3048 sibi
1039 2978 1148 3049 videri
1172 2978 1201 3048 si
1221 3000 1289 3063 ego

283 3079 337 3147 hic
362 3101 442 3148 eum
468 3079 652 3161 opperirer,
686 3100 752 3161 ego
774 3086 893 3149 autem
917 3077 1110 3149 existimavi
1134 3100 1215 3149 eum
1230 3079 1290 3149 ali·

283 3178 365 3261 quid
379 3179 464 3248 scire
479 3200 586 3261 posse.
609 3179 782 3249 Caeterum
796 3179 846 3249 ita
861 3179 1031 3262 vertigine
1055 3177 1172 3248 laboro
1194 3200 1215 3249 e
1237 3200 1290 3250 re·

283 3279 349 3348 bus
363 3279 522 3348 hesterna
538 3286 636 3348 nocte
652 3279 746 3362 actis,
762 3286 803 3349 ut
816 3281 892 3349 fere
905 3279 941 3348 in
957 3300 1083 3362 gyrum
1097 3300 1225 3349 verser.
1240 3278 1289 3349 At

283 3401 366 3449 vero
380 3380 570 3449 adventum
585 3380 659 3448 eius
674 3402 743 3449 non
758 3380 923 3463 opperiar.
945 3380 979 3450 N
980 3401 1024 3450 on
1046 3400 1102 3450 me
1127 3378 1171 3449 ad
1185 3378 1221 3449 id
1235 3401 1289 3450 co·

283 3502 365 3562 gere
381 3480 525 3562 poterit!
547 3480 644 3562 Veni,
660 3479 862 3563 Simmonds,
877 3481 1071 3551 abeamus.”

368 3596 640 3679 “Exspectadum
670 3598 886 3680 parumper.’'
912 3598 1090 3681 interpello
1114 3619 1180 3681 ego
1202 3597 1288 3669 inte-

285 3719 344 3767 rea
359 3697 443 3766 dum
458 3697 596 3766 ianuam
610 3698 835 3768 extrinsecam
852 3705 1026 3780 patescere
1044 3696 1157 3768 audio.
1186 3696 1288 3769 “For-

283 3805 374 3867 tasse
388 3797 452 3866 iste
467 3796 538 3880 ipse
554 3797 706 3880 Godfrey
721 3798 806 3881 est‘'

368 3915 412 3983 Et
426 3914 475 3983 ita
490 3916 596 3983 etiam
612 3937 668 3983 res
682 3915 760 3984 fuit.
783 3915 859 3997 lpse
875 3915 1030 3998 profecto
1043 3912 1187 3984 intravit
1201 3934 1223 3983 a
1236 3916 1289 3984 vi·

284 4039 322 4085 ro
336 4015 530 4097 comitatur,
546 4037 649 4097 quem
676 4015 865 4085 Arcturum
887 4014 1076 4096 Shearrow,
1100 4014 1288 4098 principem

283 4115 517 4198 iurisperitum
533 4115 646 4184 diurni
662 4117 798 4185 Record
813 4137 886 4185 esse
900 4114 1055 4199 cognovi.

368 4215 520 4297 Godfrey
534 4223 623 4285 nutu
639 4215 760 4299 capitis
774 4237 891 4286 omnes
905 4237 968 4284 nos
981 4214 1218 4286 consalutavit

368 4334 554 4403 “Existimo
570 4341 604 4402 te
619 4333 742 4404 herum
758 4333 937 4404 Shearrow
951 4332 1117 4415 novisse‚”
1133 4355 1189 4404 me
1203 4333 1289 4405 affa-

285 4443 352 4516 tur,
367 4434 520 4516 deposita
535 4434 569 4502 in
584 4434 797 4517 scriptoriam
812 4434 926 4516 bulga,
942 4455 1047 4516 quam
1060 4454 1177 4503 secum
1198 4434 1288 4506 fere·

285 4536 354 4605 bat.
376 4533 449 4603 “En
463 4534 544 4603 sisto
559 4534 619 4604 tibi
633 4534 756 4604 herum
772 4535 901 4616 Lester,
915 4533 963 4603 mi
974 4533 1064 4604 llere
1077 4532 1288 4618 Shearrow,”
