3128 5016
280 756 320 822 18
541 771 747 823 ursramou
771 772 879 824 areca
902 765 1019 824 soora

363 936 622 1020 “Quisquamne
637 938 821 1007 intravit?”

363 1037 494 1106 “Nemo
511 1038 712 1121 quisquam;
734 1037 860 1106 ostium
892 1061 1002 1108 seram
1029 1040 1099 1108 tert
1126 1041 1283 1109 recellen·

279 1146 359 1207 tem.
383 1138 604 1206 Extrinsecus
618 1138 681 1206 nisi
697 1138 784 1206 clavi
800 1138 944 1207 reserari
959 1139 1109 1222 nequit.”

363 1238 486 1307 “Certo
501 1238 608 1319 igitur
624 1238 685 1306 tibi
700 1245 846 1318 constat,
873 1238 956 1307 dum
969 1247 1008 1308 tu
1025 1247 1129 1322 atque
1153 1240 1284 1323 Rogers

278 1338 323 1407 ibi
338 1338 505 1409 sedebatis
519 1337 689 1406 neminem
716 1347 777 1405 aut
802 1338 933 1419 ingredi
958 1347 1019 1408 aut
1045 1339 1161 1421 egredi
1184 1348 1283 1422 potu·

277 1439 372 1507 isse.”

363 1538 442 1607 “Ne
459 1538 588 1620 postica
604 1538 741 1619 quidem
769 1539 882 1618 ianua,
908 1538 953 1606 mi
982 1538 1091 1618 Here;
1128 1562 1208 1608 nam
1238 1541 1281 1609 ad

277 1638 521 1721 egrediendum
537 1638 622 1717 illac,
639 1638 833 1718 triclinium,
846 1638 904 1706 ubi
915 1660 977 1707 nos
1000 1640 1211 1720 sedebamus,
1227 1641 1283 1709 de·

278 1740 334 1808 bet
352 1739 518 1808 transiri.”

361 1839 449 1908 “Ubi
465 1839 602 1907 interim
617 1845 716 1906 erant
732 1838 846 1906 caeteri
861 1839 1020 1908 famuli?”

362 1939 469 2008 “Coca
484 1947 559 2007 erat
573 1939 607 2006 in
624 1938 745 2018 culina,
762 1938 861 2006 Here.
873 1938 952 2006 Dies
966 1948 1083 2008 autem
1098 1939 1283 2009 hodiernus

278 2040 408 2108 ancillae
423 2039 568 2107 feriatus
584 2039 667 2106 est.''

364 2139 572 2208 Mortuarius
587 2139 760 2207 conticuit.
785 2140 935 2221 Godfrey
960 2146 1064 2221 atque
1090 2139 1283 2209 Simmonds

279 2240 371 2308 taciti
388 2240 672 2307 auscultaverunt
700 2239 773 2306 eius
799 2239 1059 2321 disquisitiones
1084 2249 1208 2308 neuter
1233 2249 1283 2309 ta·

279 2362 357 2408 men
373 2349 448 2408 erat
463 2340 562 2407 iners.
587 2339 646 2407 Isti
662 2340 792 2408 interea
807 2340 966 2408 conclave
991 2340 1138 2408 molliter
1152 2362 1284 2423 peram·

279 2441 451 2519 bulabant,
470 2440 747 2520 introspexerunt
763 2461 823 2521 per
846 2441 983 2508 ianuam
1009 2448 1164 2522 apertam
1190 2441 1283 2510 cubi·

278 2542 393 2610 culum
421 2541 632 2621 contiguum,
660 2547 838 2608 tentarunt
865 2541 1017 2622 pessulos
1040 2541 1283 2622 fenestrarum,

279 2663 327 2720 ac,
344 2641 501 2723 denique,
515 2647 649 2721 tapetas
664 2662 800 2721 quoque
813 2639 1006 2708 minutatim
1018 2640 1282 2722 indagaverunt.

363 2740 437 2809 “Ad
454 2762 556 2822 quem
584 2762 684 2808 usum
712 2739 895 2808 adhibetur
916 2739 1112 2809 cubiculum
1127 2741 1284 2822 contigu-

280 2842 377 2910 um?’'
394 2841 517 2923 quaerit
534 2839 696 2921 Godfrey,
713 2839 820 2921 digito
836 2840 973 2908 ianuam
990 2841 1064 2909 eius
1078 2841 1240 2910 indicans.

364 2941 422 3009 “ld
439 2940 541 3007 modo
557 2962 667 3019 genus
693 2950 745 3007 est
769 2939 938 3019 iomicis‚'’
967 2940 1138 3022 respondit
1165 2940 1282 3010 Parks

281 3040 414 3109 “Herus
430 3040 576 3108 Vantine
593 3040 693 3107 modo
708 3049 760 3108 est
777 3061 817 3107 ex
835 3039 970 3121 Europa
986 3061 1154 3121 reversus,
1170 3047 1206 3109 et
1222 3062 1284 3109 nos

281 3141 325 3211 ibi
341 3142 557 3209 evasavimus
574 3140 737 3221 quasdam
756 3161 809 3206 res
825 3162 911 3220 quas
937 3139 1007 3220 ipse
1036 3140 1170 3221 peregri
1199 3161 1283 3222 prae

281 3241 501 3310 stinaverat.''

364 3340 477 3417 “llaec,
506 3353 599 3421 puto,
631 3338 829 3420 sufficient,”
852 3339 948 3407 fatur
975 3338 1185 3421 Goldberger
1206 3347 1284 3422 post

281 3441 420 3510 brevem
437 3461 576 3507 moram.
611 3438 732 3517 “Velis,
759 3459 852 3520 rogo,
878 3438 997 3506 herum
1014 3437 1161 3507 Vantine
1179 3438 1284 3507 intro

280 3541 446 3608 mittere.”

365 3639 472 3707 Parks
488 3639 644 3721 prodivit,
661 3661 699 3707 ac
716 3638 848 3706 minuto
875 3647 950 3720 post
968 3638 1114 3707 Vantine
1131 3638 1284 3707 intravit.

282 3741 356 3822 lpse
373 3762 413 3808 ea
430 3761 508 3821 quae
523 3761 588 3820 ego
605 3751 639 3806 et
657 3738 764 3806 Parks
790 3739 871 3806 fassi
899 3759 1027 3818 sumus,
1053 3737 1282 3819 confirmavit,

282 3840 418 3908 unicam
434 3849 548 3907 tamen
567 3860 638 3906 rem
654 3838 792 3906 addidit.

365 3940 436 4007 “En
452 3939 505 4007 hic
520 3948 571 4007 est
589 3939 721 4020 pagella
737 3939 1003 4007 nomenclatoria
1019 3938 1196 4018 hominis,”
1223 3938 1282 4018 ait.

282 4062 452 4121 manuque
470 4038 613 4119 rigidam
628 4038 818 4107 chartulam
835 4039 1038 4119 quadratam
1054 4037 1188 4107 obtulit.
