3150 5468
577 1283 783 1335 PROLUBIUM
799 1283 993 1335 CALLENTIS
1267 1267 1287 1334 7

369 1453 491 1521 “Visne
508 1454 601 1520 foras
616 1474 694 1520 eum
709 1452 895 1535 expediam,
912 1453 956 1519 mi
972 1450 1061 1520 Here
1070 1451 1106 1519 ?”
1121 1460 1220 1533 rogat
1232 1451 1287 1521 de

285 1554 387 1636 nique
404 1552 518 1621 Parks.

368 1653 425 1721 “ld
443 1653 508 1721 noli
521 1652 549 1720 !”
572 1652 746 1727 oauiuium
761 1652 920 1721 dubitans
936 1651 1108 1735 respondit
1130 1652 1286 1721 Vantine.

285 1753 454 1834 “Rogabis
469 1775 548 1821 eum
565 1761 603 1821 ut
619 1752 788 1821 modicum
803 1761 999 1834 exspectare
1015 1752 1131 1832 velit,'’
1157 1753 1288 1821 interea

285 1855 451 1936 pagellam
469 1854 564 1922 iuxta
579 1853 729 1935 patinam
745 1874 841 1921 suam
858 1874 1032 1935 reponens.

368 1953 470 2022 “Mihi
497 1953 606 2033 crede,
633 1953 677 2020 mi
704 1952 853 2031 Lester,'’
878 1952 989 2035 pergit
1015 1952 1078 2033 ille,
1106 1961 1286 2035 postquam

286 2054 392 2122 Parks
406 2053 614 2133 discesserat,
631 2053 758 2134 “ouum
775 2052 837 2121 hoc
852 2075 952 2121 mane
977 2074 1090 2121 arcam
1103 2052 1215 2121 visum
1232 2052 1288 2121 de·

285 2154 491 2234 scenderam,
518 2153 575 2221 vix
601 2153 705 2222 oculis
730 2152 814 2221 meis
838 2152 976 2222 credere
997 2160 1160 2235 poteram.
1198 2151 1287 2235 Quid

284 2276 455 2337 quamque
471 2253 711 2336 supellectilem
728 2274 798 2335 prae
812 2253 943 2321 caeteris
959 2255 1106 2322 maxime
1120 2274 1289 2322 commen·

284 2354 380 2423 daret
396 2355 480 2422 scire
495 2376 548 2421 me
572 2353 744 2435 putabam,
759 2361 910 2422 attamen
926 2375 1038 2422 arcam
1054 2353 1216 2422 eiusmodi
1233 2354 1288 2422 vel

284 2455 445 2523 exsistere
460 2475 527 2521 non
553 2453 726 2521 somniavi.
758 2453 988 2522 Pulcherrima
1004 2476 1106 2536 quam
1123 2453 1203 2522 mihi
1227 2475 1289 2522 un·

286 2576 389 2637 quam
405 2554 521 2623 videre
535 2553 687 2634 contigit,
705 2553 737 2621 in
755 2553 891 2622 Louvre
912 2562 973 2622 est.
1011 2554 1092 2622 Haec
1115 2564 1229 2622 autem
1252 2554 1287 2623 in

285 2656 363 2723 aula
378 2653 570 2723 Ludovicea
585 2653 899 2735 Quartodecimana,
915 2655 1031 2722 alaevo
1042 2654 1084 2722 ad
1096 2654 1287 2735 ingressum

285 2764 363 2822 stat.
377 2754 425 2821 Ea
441 2754 545 2835 ipsius
562 2753 721 2821 Ludovici
738 2753 816 2821 olim
832 2762 915 2821 erat.
933 2754 1009 2822 Sine
1026 2754 1224 2822 accuratiori
1240 2754 1288 2822 in·

286 2855 406 2935 dagine
437 2854 556 2935 utique
582 2862 674 2921 certo
701 2854 784 2921 scire
811 2875 953 2936 nequeo,
984 2854 1136 2936 suspicor
1161 2863 1287 2933 tamen,

286 2954 425 3035 pulchra
442 2961 481 3022 ut
497 2953 549 3032 sit,
565 2952 607 3020 ad
623 2974 776 3021 normam
799 2953 901 3022 huius
915 2975 987 3022 esse
1003 2954 1162 3022 factam.”

370 3054 555 3135 Parumper
587 3053 759 3130 conticuit,
789 3075 911 3135 meque
951 3054 1056 3121 oculis
1085 3052 1289 3121 micantibus

286 3153 489 3235 flammaque
504 3152 670 3221 succensis
686 3152 831 3221 hominis
845 3153 1006 3222 callentis.

369 3253 490 3321 “Haud
518 3252 598 3320 mihi
624 3261 717 3320 certo
743 3261 875 3321 constat
902 3261 1019 3322 utrum
1043 3252 1164 3321 idioma
1188 3261 1287 3321 tuum

286 3355 367 3421 satis
392 3353 560 3431 calleam,’'
588 3352 686 3420 retuli
711 3375 784 3433 ego.
808 3352 997 3434 “Quidnam
1025 3361 1122 3421 sonat
1145 3352 1196 3421 ‘ad
1214 3374 1289 3421 nor·

287 3476 376 3520 mam
392 3475 464 3520 esse
480 3452 635 3520 factam?
653 3453 671 3477 ”

369 3552 546 3634 “Supellex
570 3552 705 3631 Bouie,”
728 3552 872 3634 explicat
895 3553 975 3636 ipse,
1007 3553 1226 3636 “plerumque
1250 3551 1289 3621 fit

285 3676 326 3719 ex
343 3653 460 3731 ebeno,
476 3652 645 3720 testudine
658 3653 833 3733 variegato
844 3675 883 3721 ac
895 3653 1039 3732 musivo,
1051 3653 1084 3720 in
1101 3673 1168 3721 aere
1180 3652 1289 3721 diver·

286 3753 312 3819 si
330 3752 464 3832 generis
480 3752 675 3819 incrustata.
693 3752 786 3833 Opus
802 3760 918 3820 autem
930 3752 1103 3821 crustandi
1120 3752 1162 3820 ad
1179 3773 1289 3820 amus-

286 3852 347 3918 sim
365 3851 435 3919 fieri
452 3850 606 3931 debebat,
621 3851 711 3933 quod
728 3860 767 3919 ut
784 3851 890 3931 fieret,
915 3852 1078 3920 artificem
1101 3851 1188 3920 duas
1209 3853 1289 3920 lam·

287 3974 347 4019 nas
363 3951 514 4019 eiusdem
531 3951 777 4033 magnitudinis
792 3961 826 4020 et
841 3952 1001 4021 crassitiei
1020 3951 1180 4021 adhibere
1194 3973 1289 4034 opor·

286 4052 390 4128 tebat,
406 4051 547 4118 alteram
563 4052 723 4132 petalum,
746 4052 953 4120 testudinem
978 4053 1129 4131 alteram,
1146 4051 1290 4120 delinea-

288 4151 337 4217 vit
355 4172 436 4218 vero
459 4150 676 4231 superiorem,
691 4151 814 4220 excidit
836 4161 952 4220 autem
975 4151 1073 4219 simul
1096 4161 1289 4233 utramque.

287 4248 339 4318 Sic
356 4250 423 4318 duo
438 4257 553 4318 crusta
583 4250 706 4318 effecta
721 4259 812 4330 sunt,
829 4251 1069 4333 primigenium
1086 4273 1163 4319 curn
1181 4249 1289 4319 fundo

286 4349 545 4418 testitudinaceo
557 4350 720 4432 aereisque
732 4352 878 4433 capulis;
895 4362 1000 4434 atque
1012 4351 1205 4434 gemellum,
1217 4349 1289 4418 red·

286 4449 431 4518 ditivum
458 4451 608 4533 petalum
625 4473 703 4519 cum
721 4451 855 4520 musivo
871 4452 1141 4520 testitudinaceo.
1174 4450 1290 4519 Primi-

286 4550 425 4631 genium
450 4572 565 4632 reapse
581 4560 632 4620 est
648 4573 733 4634 opus
749 4551 886 4620 artificis
908 4552 940 4620 in
958 4549 1137 4620 effectibus
1151 4550 1291 4619 medita·
