3128 5016
278 765 343 834 310
541 778 755 832 ursrumuu
776 777 884 831 auca
905 769 1026 831 Boura

279 948 362 1017 teris
387 947 575 1016 indicando.
607 947 710 1015 Error
740 946 885 1029 idgenus
909 945 1072 1014 facillime
1088 942 1286 1024 incurritur,

282 1047 372 1130 quod
387 1047 576 1115 verosimile
591 1054 644 1115 est
659 1047 778 1115 heram
794 1067 893 1114 suam
909 1045 964 1114 isti
979 1045 1014 1113 in
1029 1043 1214 1128 aperiendo
1229 1042 1283 1111 fo·

280 1147 355 1216 rulo
369 1154 467 1228 tergo
479 1147 522 1215 ad
533 1167 569 1214 se
581 1168 680 1215 verso
690 1146 807 1214 fuisse.
817 1145 937 1214 Iuliam
947 1144 1055 1228 ipsam
1067 1142 1236 1212 erravisse
1246 1141 1287 1210 fit

278 1254 423 1327 certum,
434 1268 542 1328 quum
554 1246 791 1314 molimentum
803 1245 886 1314 hero
901 1244 1049 1314 Vantine
1062 1242 1236 1326 explicuit,
1251 1248 1287 1311 et

279 1347 322 1416 ob
338 1369 417 1416 eum
433 1368 583 1415 errorem
598 1346 652 1415 hic
666 1367 803 1428 quoque
818 1345 948 1414 occisus
963 1351 1025 1413 est.
1051 1343 1224 1412 Praeterea
1248 1348 1285 1410 et

282 1447 440 1516 Matrona
462 1446 584 1515 Velata
608 1445 721 1515 verbis
742 1444 841 1515 claris
861 1443 1009 1526 prodidit
1028 1464 1102 1513 rem
1113 1441 1210 1512 sicse
1223 1440 1285 1511 hu·

285 1546 396 1616 bere.”

368 1645 462 1729 “Ego
477 1646 512 1715 id
525 1668 593 1715 non
608 1645 868 1726 animadverti,''
884 1643 1014 1727 explico
1027 1665 1092 1727 ego
1104 1663 1203 1727 aequo
1213 1640 1284 1712 ani·

286 1769 353 1816 mo.
369 1745 561 1826 “Quidnam
576 1746 610 1815 id
624 1746 736 1816 fuit?”

367 1845 481 1914 “Dixit
497 1847 622 1915 scilicet
637 1846 709 1928 ipsa
724 1866 760 1913 se
776 1866 882 1914 manu
897 1841 1002 1926 laeva,
1017 1844 1090 1913 loco
1106 1849 1219 1923 rectae,
1232 1840 1285 1911 io-

287 1949 400 2016 rulum
429 1946 559 2028 aperire
585 1947 719 2015 solitam
736 1967 819 2014 esse.
834 1946 916 2014 Post
942 1945 1072 2015 dictum
1088 1942 1153 2013 hoc
1174 1941 1289 2011 nullus

284 2069 422 2131 prorsus
437 2048 529 2115 locus
544 2046 646 2114 dubio
662 2067 837 2128 superesse
852 2052 997 2128 poterat.
1022 2043 1122 2114 Etsic
1133 2042 1287 2112 forulum

284 2169 423 2230 prorsus
444 2147 535 2215 nullo
547 2147 660 2215 labore
671 2147 790 2229 reperi.
807 2146 907 2215 Hunc
918 2146 1010 2216 enim
1025 2144 1071 2214 ibi
1086 2164 1160 2214 esse
1173 2162 1287 2213 neces·

286 2269 322 2317 se
337 2247 442 2317 erat.”

370 2346 504 2427 “Esto''
519 2345 686 2429 respondi,
703 2345 800 2415 “tum
815 2345 939 2428 quidu’

371 2446 481 2516 “Tum
497 2468 651 2528 gemmas
666 2447 799 2528 sustuli,
815 2468 873 2516 eas
887 2445 1084 2516 fabricatori
1098 2443 1286 2515 imitamen·

288 2555 402 2617 torum
417 2547 565 2628 exhibui,
581 2554 616 2615 et
631 2546 840 2616 adulten'nas
855 2546 968 2629 quoad
989 2552 1138 2630 parerat
1152 2564 1290 2615 accura-

288 2654 323 2716 te
338 2648 449 2715 factas
464 2645 634 2714 substitui.
665 2647 823 2716 Arduum
852 2668 1018 2729 perquam
1042 2652 1117 2715 erat
1138 2650 1291 2727 coeptum

287 2747 367 2815 huic
382 2745 555 2815 adamanti
570 2768 666 2815 roseo
681 2747 868 2816 maiusculo
887 2768 950 2829 par
964 2744 1171 2816 comminisci
1185 2743 1276 2813 simu

291 2847 452 2916 lacrum.”

371 2947 433 3016 His
447 2946 560 3016 verbis
575 2968 655 3015 eum
669 2968 688 3015 e
704 2947 841 3016 cumulo
855 2946 1003 3028 sustulit,
1030 2945 1185 3029 duosque
1199 2944 1291 3015 inter

287 3048 412 3131 digitos
425 3047 620 3117 ostentavit.

373 3147 565 3227 “Quidnam
581 3147 644 3216 hoc
660 3147 871 3230 pulchrius?”
887 3146 1056 3230 quaesivit

374 3247 487 3316 Herus
501 3247 602 3329 Pigot
618 3247 777 3329 languide
793 3247 944 3317 subrisit.

374 3346 428 3416 “Is
444 3347 592 3415 Mazarin
607 3348 780 3426 vocatur‚''
806 3348 864 3429 ait,
887 3347 1068 3430 “valetque
1090 3346 1290 3416 francorum

290 3448 454 3517 milliones
469 3455 547 3516 tres.
564 3447 648 3515 Eius
661 3447 914 3517 imitamentum
936 3448 971 3516 in
986 3447 1123 3516 Louvre
1136 3466 1291 3515 asserva·

292 3549 381 3616 tur.”

374 3646 455 3715 “Est
470 3645 503 3714 id
530 3646 646 3729 itaque
661 3648 824 3718 verum?”
848 3668 966 3730 quaero
993 3667 1068 3729 ego.
1098 3644 1291 3717 “Crochard

290 3746 465 3815 historiam
480 3746 554 3814 eius
569 3746 745 3828 prodidit.'’

373 3846 465 3925 “Est,
498 3867 588 3925 sane,
607 3845 678 3913 sine
709 3845 954 3928 dubitatione,''
974 3844 1096 3915 asserit
1116 3844 1222 3917 herus
1236 3846 1289 3917 Pi·

290 3955 360 4029 got.
387 3945 441 4013 “N
443 3968 480 4014 ec
497 3945 559 4013 hoc
575 3954 743 4014 secretum
755 3953 806 4015 est
818 3983 858 3990 -
872 3946 931 4015 sed
945 3945 1072 4029 aliquid
1101 3946 1194 4029 quod
1223 3968 1293 4017 me·

291 4046 398 4118 moria
413 4047 565 4115 omnium
580 4045 734 4115 excidit.”
