3128 5016
604 795 730 848 nanus
752 796 970 848 vunnumrn
1243 781 1284 848 27

366 963 426 1044 “0,
443 964 525 1032 siste
540 964 612 1044 ea‚”
629 964 812 1046 impatiens
837 965 965 1046 rumpit
992 965 1161 1046 loquelam
1187 963 1285 1033 Gold-

283 1063 415 1145 bergen
432 1062 509 1132 “fac
523 1085 718 1146 compareas
729 1072 790 1133 tua
798 1065 1047 1146 epigrammata
1061 1086 1122 1147 pro
1138 1065 1280 1133 Record.

283 1162 355 1231 Nos
369 1164 463 1232 facta
479 1164 697 1246 quaerimus.”

367 1280 501 1348 Rubore
518 1280 570 1349 his
586 1281 700 1350 verbis
710 1281 864 1350 suffusus
874 1281 1026 1363 Godfrey
1039 1281 1285 1362 horologiolum

281 1379 448 1462 deposuit.

367 1496 449 1566 “Est
465 1520 546 1566 sane
563 1521 671 1568 unum
686 1500 818 1567 factum
835 1500 924 1580 quod
942 1509 980 1567 tu
997 1499 1222 1581 praeterivisse
1238 1497 1286 1565 vi·

284 1598 404 1678 deris,''
415 1598 531 1680 quiete
546 1599 617 1680 ipse
633 1599 751 1679 refert,
768 1599 821 1666 “id
839 1608 953 1667 tamen
969 1607 1094 1681 praeter
1109 1619 1208 1666 omne
1224 1597 1285 1665 du-

283 1698 378 1766 bium
406 1699 528 1781 probat
553 1698 644 1766 hunc
670 1698 764 1766 nullo
788 1720 867 1766 casu
891 1699 1038 1766 fortuito
1061 1699 1127 1766 huc
1144 1719 1284 1766 errasse.

284 1797 374 1880 Quin
391 1798 419 1865 is
434 1798 588 1867 consulto
603 1797 670 1865 huc
686 1798 792 1876 venit,
808 1820 870 1866 nec
886 1799 983 1880 proin
999 1805 1143 1865 mortem
1159 1796 1219 1865 sibi
1237 1796 1285 1864 in·

282 1899 375 1966 ferre
391 1898 423 1966 in
440 1899 553 1966 animo
568 1897 694 1965 habere
710 1897 854 1979 potuit.''

365 2013 532 2096 “Quinam
549 2014 611 2081 hoc
629 2013 689 2081 tibi
705 2014 865 2081 notum?''
882 2014 1008 2083 dubius
1034 2014 1182 2096 postulat
1204 2034 1283 2080 eum

282 2112 500 2194 Goldberger.

366 2229 516 2311 Godfrey
543 2231 629 2298 tollit
661 2252 870 2309 crumenam,
897 2231 1017 2312 aperit,
1048 2230 1283 2312 pagellamque

284 2329 451 2397 sublevat.
474 2329 568 2397 “lam
598 2339 696 2397 tenes
719 2330 801 2412 quid
828 2330 861 2398 in
887 2330 986 2397 dorso
1003 2329 1104 2398 huius
1119 2329 1284 2410 scriptum

282 2427 326 2495 sit
343 2464 366 2471 -
397 2449 521 2496 nomen
537 2429 609 2497 heri
625 2428 784 2510 Vantine‚
809 2451 1042 2511 numerusque
1065 2428 1187 2496 domus
1202 2427 1284 2496 eius

281 2528 403 2597 Nonne
419 2527 482 2596 hoc
497 2528 624 2596 evincit
640 2529 806 2597 misellum
824 2529 915 2596 hunc
931 2528 1005 2597 Neo
1016 2528 1217 2608 Eboracum,
1228 2527 1285 2595 he

281 2649 357 2695 rum
374 2627 523 2695 Vantine
539 2628 651 2696 visum
668 2628 822 2696 consulto
837 2628 972 2696 venisse
981 2627 1018 2695 l'’

365 2743 545 2812 “Fortasse
562 2743 685 2811 herum
699 2743 847 2812 Vantine
862 2766 941 2812 eum
957 2743 1115 2812 occidisse
1141 2744 1284 2812 innuere

282 2843 366 2924 vis‚'’
383 2844 479 2911 fatur
494 2843 704 2925 Goldberger
718 2865 780 2925 per
794 2865 1011 2912 sarcasmum.

366 2959 424 3027 “ld
452 2960 623 3039 minime,”
650 2961 758 3028 refert
785 2959 953 3042 Godfrey;
988 2959 1130 3040 “ipsine
1147 2969 1283 3041 tempus

283 3061 422 3143 quidem
441 3061 655 3143 suppetebat.
678 3061 743 3140 Tu,
759 3061 805 3128 mi
822 3059 912 3128 Here
927 3061 1085 3140 Vantine,
1100 3059 1220 3142 utique
1236 3060 1284 3127 in·

280 3159 443 3242 telliges‚'’
461 3160 619 3228 renidens
633 3161 668 3228 in
685 3182 764 3229 curn
787 3161 893 3240 fatur,
910 3160 968 3242 qui
985 3161 1058 3228 haec
1072 3160 1185 3229 omnia
1200 3181 1284 3242 prae·

281 3281 358 3328 sens
373 3282 441 3327 non
458 3260 529 3328 sine
545 3260 805 3329 conturbatione
829 3261 932 3329 animi
948 3261 1174 3341 auscultabat,
1202 3259 1284 3329 “nos

280 3382 321 3429 ea
336 3381 427 3429 nunc
443 3368 652 3442 pertractare
668 3383 747 3443 quae
762 3361 900 3429 evenire
916 3369 1083 3443 poterant.
1121 3361 1170 3428 Te
1192 3361 1283 3428 hunc

281 3461 374 3528 nullo
389 3469 489 3542 pacto
504 3460 698 3530 interimere
713 3461 864 3544 potuisse
879 3462 946 3529 iarn
963 3461 1083 3529 Lester
1097 3460 1179 3528 satis
1192 3481 1281 3528 com·

281 3560 448 3643 probavit,
465 3583 573 3642 quum
590 3583 652 3628 nos
667 3561 847 3641 docuisset,
863 3561 941 3629 inde
955 3583 975 3629 a
990 3560 1099 3642 primo
1125 3559 1228 3628 huius
1248 3559 1282 3627 in

280 3669 375 3729 tuam
392 3660 530 3728 domum
546 3661 701 3742 ingressu
728 3661 896 3743 usquead
912 3669 1049 3742 tempus
1074 3660 1205 3728 inventi
1231 3681 1283 3728 ca-

282 3759 419 3829 daveris
435 3768 548 3829 tecum
564 3782 634 3829 una
648 3761 765 3841 fuisse,
788 3760 936 3843 demptis
951 3761 991 3829 iis
1005 3760 1122 3843 paucis
1136 3781 1285 3828 momen·

281 3859 334 3940 tis,
351 3881 429 3942 quae
444 3860 533 3927 inter
548 3867 648 3928 tuum
664 3859 699 3927 in
715 3859 818 3928 hocce
835 3859 993 3928 conclave
1017 3861 1220 3941 ingressum,
1234 3867 1283 3928 at·

278 3981 346 4043 que
361 3960 552 4039 clamorem,
568 3981 636 4041 quo
653 3981 732 4028 eum
749 3960 990 4042 appellaveras‚
1007 3959 1281 4028 intercesserunt.

277 4059 330 4128 Tu
348 4081 430 4141 ergo
445 4067 543 4128 extra
557 4059 781 4141 quaestionem
798 4061 865 4128 es.”
