<?xml version="1.0" encoding="UTF-8"?>
<!DOCTYPE html PUBLIC "-//W3C//DTD XHTML 1.0 Transitional//EN"
    "http://www.w3.org/TR/xhtml1/DTD/xhtml1-transitional.dtd">
<html xmlns="http://www.w3.org/1999/xhtml" xml:lang="en" lang="en">
 <head>
  <title>
</title>
<meta http-equiv="Content-Type" content="text/html;charset=utf-8" />
  <meta name='ocr-system' content='tesseract 3.04.00' />
  <meta name='ocr-capabilities' content='ocr_page ocr_carea ocr_par ocr_line ocrx_word'/>
</head>
<body>
  <div class='ocr_page' id='page_1' title='image "./mysteriumarcbou00stevgoog/mysteriumarcbou00stevgoog_0031.png"; bbox 0 0 3128 5016; ppageno 0'>
   <div class='ocr_carea' id='block_1_1' title="bbox 616 789 1281 859">
    <p class='ocr_par' dir='ltr' id='par_1_1' title="bbox 616 789 1281 859">
     <span class='ocr_line' id='line_1_1' title="bbox 616 789 1281 859; baseline -0.003 0"><span class='ocrx_word' id='word_1_1' title='bbox 616 801 947 859; x_wconf 74' lang='lat' dir='ltr'><strong>emundandorum</strong></span> <span class='ocrx_word' id='word_1_2' title='bbox 1240 789 1281 857; x_wconf 92' lang='grc'><strong>19</strong></span> 
     </span>
    </p>
   </div>
   <div class='ocr_carea' id='block_1_2' title="bbox 278 971 1280 1443">
    <p class='ocr_par' dir='ltr' id='par_1_2' title="bbox 278 971 1280 1155">
     <span class='ocr_line' id='line_1_2' title="bbox 363 971 1280 1056; baseline -0.002 -14"><span class='ocrx_word' id='word_1_3' title='bbox 363 973 572 1056; x_wconf 87' lang='lat' dir='ltr'><strong>Goldberger</strong></span> <span class='ocrx_word' id='word_1_4' title='bbox 587 973 677 1056; x_wconf 86' lang='lat' dir='ltr'><strong>cepit</strong></span> <span class='ocrx_word' id='word_1_5' title='bbox 691 974 871 1056; x_wconf 82' lang='lat' dir='ltr'><strong>pagellam,</strong></span> <span class='ocrx_word' id='word_1_6' title='bbox 885 972 1027 1054; x_wconf 85' lang='lat' dir='ltr'><strong>aspexit,</strong></span> <span class='ocrx_word' id='word_1_7' title='bbox 1043 979 1117 1041; x_wconf 92' lang='lat' dir='ltr'><strong>tum</strong></span> <span class='ocrx_word' id='word_1_8' title='bbox 1129 971 1280 1040; x_wconf 90' lang='lat' dir='ltr'><strong>adstanti</strong></span> 
     </span>
     <span class='ocr_line' id='line_1_3' title="bbox 278 1072 652 1155; baseline -0.008 -12"><span class='ocrx_word' id='word_1_9' title='bbox 278 1072 470 1143; x_wconf 90' lang='lat' dir='ltr'><strong>Simmonds</strong></span> <span class='ocrx_word' id='word_1_10' title='bbox 492 1073 652 1155; x_wconf 83' lang='lat' dir='ltr'><strong>porrexit.</strong></span> 
     </span>
    </p>

    <p class='ocr_par' dir='ltr' id='par_1_3' title="bbox 278 1171 1280 1443">
     <span class='ocr_line' id='line_1_4' title="bbox 363 1171 1280 1255; baseline 0.001 -14"><span class='ocrx_word' id='word_1_11' title='bbox 363 1172 421 1241; x_wconf 86' lang='lat' dir='ltr'><strong>“ld</strong></span> <span class='ocrx_word' id='word_1_12' title='bbox 438 1172 529 1241; x_wconf 92' lang='lat' dir='ltr'><strong>haud</strong></span> <span class='ocrx_word' id='word_1_13' title='bbox 544 1173 691 1241; x_wconf 90' lang='lat' dir='ltr'><strong>multum</strong></span> <span class='ocrx_word' id='word_1_14' title='bbox 707 1172 850 1254; x_wconf 90' lang='lat' dir='ltr'><strong>prodit,”</strong></span> <span class='ocrx_word' id='word_1_15' title='bbox 864 1172 912 1242; x_wconf 92' lang='lat' dir='ltr'><strong>ait</strong></span> <span class='ocrx_word' id='word_1_16' title='bbox 927 1171 991 1253; x_wconf 86' lang='lat' dir='ltr'><strong>hic,</strong></span> <span class='ocrx_word' id='word_1_17' title='bbox 1006 1171 1180 1255; x_wconf 88' lang='lat' dir='ltr'><strong>traditque</strong></span> <span class='ocrx_word' id='word_1_18' title='bbox 1191 1171 1280 1242; x_wconf 90' lang='lat' dir='ltr'><strong>God-</strong></span> 
     </span>
     <span class='ocr_line' id='line_1_5' title="bbox 280 1270 1280 1356; baseline 0 -14"><span class='ocrx_word' id='word_1_19' title='bbox 280 1274 366 1356; x_wconf 83' lang='lat' dir='ltr'><strong>frey.</strong></span> <span class='ocrx_word' id='word_1_20' title='bbox 404 1273 478 1354; x_wconf 87' lang='lat' dir='ltr'><strong>Ego</strong></span> <span class='ocrx_word' id='word_1_21' title='bbox 508 1279 604 1340; x_wconf 87' lang='lat' dir='ltr'><strong>trans</strong></span> <span class='ocrx_word' id='word_1_22' title='bbox 633 1271 815 1340; x_wconf 91' lang='lat' dir='ltr'><strong>humerum</strong></span> <span class='ocrx_word' id='word_1_23' title='bbox 840 1272 914 1341; x_wconf 90' lang='lat' dir='ltr'><strong>eius</strong></span> <span class='ocrx_word' id='word_1_24' title='bbox 928 1270 1053 1355; x_wconf 86' lang='lat' dir='ltr'><strong>aspexi,</strong></span> <span class='ocrx_word' id='word_1_25' title='bbox 1079 1271 1219 1354; x_wconf 91' lang='lat' dir='ltr'><strong>vidique</strong></span> <span class='ocrx_word' id='word_1_26' title='bbox 1244 1273 1280 1342; x_wconf 91' lang='lat' dir='ltr'><strong>in</strong></span> 
     </span>
     <span class='ocr_line' id='line_1_6' title="bbox 278 1371 1152 1443; baseline -0.001 -1"><span class='ocrx_word' id='word_1_27' title='bbox 278 1373 433 1443; x_wconf 90' lang='lat' dir='ltr'><strong>chartula</strong></span> <span class='ocrx_word' id='word_1_28' title='bbox 447 1371 539 1441; x_wconf 90' lang='lat' dir='ltr'><strong>hunc</strong></span> <span class='ocrx_word' id='word_1_29' title='bbox 554 1393 663 1441; x_wconf 89' lang='lat' dir='ltr'><strong>unum</strong></span> <span class='ocrx_word' id='word_1_30' title='bbox 678 1371 885 1441; x_wconf 88' lang='lat' dir='ltr'><strong>versiculum</strong></span> <span class='ocrx_word' id='word_1_31' title='bbox 900 1393 973 1441; x_wconf 87' lang='lat' dir='ltr'><strong>esse</strong></span> <span class='ocrx_word' id='word_1_32' title='bbox 988 1371 1152 1441; x_wconf 89' lang='lat' dir='ltr'><strong>incisum:</strong></span> 
     </span>
    </p>
   </div>
   <div class='ocr_carea' id='block_1_3' title="bbox 541 1582 1018 1641">
    <p class='ocr_par' dir='ltr' id='par_1_4' title="bbox 541 1582 1018 1641">
     <span class='ocr_line' id='line_1_7' title="bbox 541 1582 1018 1641; baseline -0.004 0"><span class='ocrx_word' id='word_1_33' title='bbox 541 1589 577 1641; x_wconf 81' lang='lat' dir='ltr'><strong>M.</strong></span> <span class='ocrx_word' id='word_1_34' title='bbox 598 1582 804 1641; x_wconf 79' lang='lat' dir='ltr'><strong>THEOPHlLE</strong></span> <span class='ocrx_word' id='word_1_35' title='bbox 822 1588 1018 1641; x_wconf 84' lang='lat' dir='ltr'><strong>D’AURELLE</strong></span> 
     </span>
    </p>
   </div>
   <div class='ocr_carea' id='block_1_4' title="bbox 277 1771 1350 3953">
    <p class='ocr_par' dir='ltr' id='par_1_5' title="bbox 278 1771 1282 2042">
     <span class='ocr_line' id='line_1_8' title="bbox 362 1771 1281 1856; baseline 0.002 -15"><span class='ocrx_word' id='word_1_36' title='bbox 362 1773 457 1842; x_wconf 85' lang='lat' dir='ltr'><strong>“Nisi</strong></span> <span class='ocrx_word' id='word_1_37' title='bbox 474 1773 566 1854; x_wconf 92' lang='lat' dir='ltr'><strong>quod</strong></span> <span class='ocrx_word' id='word_1_38' title='bbox 582 1773 734 1842; x_wconf 87' lang='lat' dir='ltr'><strong>Francus</strong></span> <span class='ocrx_word' id='word_1_39' title='bbox 748 1779 810 1852; x_wconf 89' lang='lat' dir='ltr'><strong>est,</strong></span> <span class='ocrx_word' id='word_1_40' title='bbox 837 1779 877 1841; x_wconf 94' lang='lat' dir='ltr'><strong>ut</strong></span> <span class='ocrx_word' id='word_1_41' title='bbox 900 1771 1009 1842; x_wconf 89' lang='lat' dir='ltr'><strong>Parks</strong></span> <span class='ocrx_word' id='word_1_42' title='bbox 1032 1773 1210 1856; x_wconf 82' lang='lat' dir='ltr'><strong>prodidit,”</strong></span> <span class='ocrx_word' id='word_1_43' title='bbox 1232 1775 1281 1843; x_wconf 94' lang='lat' dir='ltr'><strong>in-</strong></span> 
     </span>
     <span class='ocr_line' id='line_1_9' title="bbox 278 1870 1282 1956; baseline -0.001 -13"><span class='ocrx_word' id='word_1_44' title='bbox 278 1874 353 1956; x_wconf 91' lang='lat' dir='ltr'><strong>quit</strong></span> <span class='ocrx_word' id='word_1_45' title='bbox 370 1872 532 1954; x_wconf 83' lang='lat' dir='ltr'><strong>Godrrey.</strong></span> <span class='ocrx_word' id='word_1_46' title='bbox 555 1871 614 1941; x_wconf 86' lang='lat' dir='ltr'><strong>“ld</strong></span> <span class='ocrx_word' id='word_1_47' title='bbox 631 1872 685 1941; x_wconf 93' lang='lat' dir='ltr'><strong>vel</strong></span> <span class='ocrx_word' id='word_1_48' title='bbox 701 1872 743 1940; x_wconf 89' lang='lat' dir='ltr'><strong>de</strong></span> <span class='ocrx_word' id='word_1_49' title='bbox 759 1870 957 1940; x_wconf 89' lang='lat' dir='ltr'><strong>vestimenti</strong></span> <span class='ocrx_word' id='word_1_50' title='bbox 981 1872 1195 1941; x_wconf 87' lang='lat' dir='ltr'><strong>lineamentis</strong></span> <span class='ocrx_word' id='word_1_51' title='bbox 1217 1875 1282 1943; x_wconf 91' lang='lat' dir='ltr'><strong>cla-</strong></span> 
     </span>
     <span class='ocr_line' id='line_1_10' title="bbox 278 1973 457 2042; baseline -0.006 0"><span class='ocrx_word' id='word_1_52' title='bbox 278 1995 356 2042; x_wconf 90' lang='lat' dir='ltr'><strong>rum</strong></span> <span class='ocrx_word' id='word_1_53' title='bbox 372 1973 457 2042; x_wconf 85' lang='lat' dir='ltr'><strong>est.”</strong></span> 
     </span>
    </p>

    <p class='ocr_par' dir='ltr' id='par_1_6' title="bbox 279 2070 1350 2343">
     <span class='ocr_line' id='line_1_11' title="bbox 362 2070 1281 2155; baseline 0.002 -14"><span class='ocrx_word' id='word_1_54' title='bbox 362 2072 496 2155; x_wconf 85' lang='lat' dir='ltr'><strong>“AEque</strong></span> <span class='ocrx_word' id='word_1_55' title='bbox 511 2092 550 2140; x_wconf 88' lang='lat' dir='ltr'><strong>ac</strong></span> <span class='ocrx_word' id='word_1_56' title='bbox 566 2071 607 2140; x_wconf 93' lang='lat' dir='ltr'><strong>de</strong></span> <span class='ocrx_word' id='word_1_57' title='bbox 623 2070 723 2140; x_wconf 92' lang='lat' dir='ltr'><strong>modo</strong></span> <span class='ocrx_word' id='word_1_58' title='bbox 738 2080 889 2141; x_wconf 82' lang='lat' dir='ltr'><strong>tonsurae</strong></span> <span class='ocrx_word' id='word_1_59' title='bbox 903 2071 1079 2153; x_wconf 89' lang='lat' dir='ltr'><strong>crinium,&#39;&#39;</strong></span> <span class='ocrx_word' id='word_1_60' title='bbox 1103 2071 1281 2155; x_wconf 90' lang='lat' dir='ltr'><strong>subiungit</strong></span> 
     </span>
     <span class='ocr_line' id='line_1_12' title="bbox 279 2170 1280 2256; baseline 0 -14"><span class='ocrx_word' id='word_1_61' title='bbox 279 2173 497 2256; x_wconf 89' lang='lat' dir='ltr'><strong>Goldberger.</strong></span> <span class='ocrx_word' id='word_1_62' title='bbox 520 2171 644 2240; x_wconf 89' lang='lat' dir='ltr'><strong>“Aisne</strong></span> <span class='ocrx_word' id='word_1_63' title='bbox 660 2178 710 2252; x_wconf 96' lang='lat' dir='ltr'><strong>tu,</strong></span> <span class='ocrx_word' id='word_1_64' title='bbox 725 2171 772 2239; x_wconf 93' lang='lat' dir='ltr'><strong>mi</strong></span> <span class='ocrx_word' id='word_1_65' title='bbox 787 2170 877 2240; x_wconf 90' lang='lat' dir='ltr'><strong>Here</strong></span> <span class='ocrx_word' id='word_1_66' title='bbox 892 2170 1050 2252; x_wconf 90' lang='lat' dir='ltr'><strong>Vantine,</strong></span> <span class='ocrx_word' id='word_1_67' title='bbox 1064 2178 1100 2240; x_wconf 90' lang='lat' dir='ltr'><strong>te</strong></span> <span class='ocrx_word' id='word_1_68' title='bbox 1115 2193 1195 2241; x_wconf 91' lang='lat' dir='ltr'><strong>eum</strong></span> <span class='ocrx_word' id='word_1_69' title='bbox 1211 2195 1280 2242; x_wconf 90' lang='lat' dir='ltr'><strong>non</strong></span> 
     </span>
     <span class='ocr_line' id='line_1_13' title="bbox 279 2273 1350 2343; baseline 0.002 -1"><span class='ocrx_word' id='word_1_70' title='bbox 279 2273 455 2343; x_wconf 80' lang='lat' dir='ltr'><strong>novisse?”</strong></span> <span class='ocrx_word' id='word_1_71' title='bbox 1347 2281 1350 2284; x_wconf 74' lang='grc'>’</span> 
     </span>
    </p>

    <p class='ocr_par' dir='ltr' id='par_1_7' title="bbox 277 2370 1281 2642">
     <span class='ocr_line' id='line_1_14' title="bbox 352 2370 1281 2455; baseline 0.001 -14"><span class='ocrx_word' id='word_1_72' title='bbox 352 2373 473 2454; x_wconf 82' lang='lat' dir='ltr'><strong>“Eum,</strong></span> <span class='ocrx_word' id='word_1_73' title='bbox 486 2379 654 2455; x_wconf 87' lang='lat' dir='ltr'><strong>quantum</strong></span> <span class='ocrx_word' id='word_1_74' title='bbox 668 2371 803 2452; x_wconf 87' lang='lat' dir='ltr'><strong>sciam,”</strong></span> <span class='ocrx_word' id='word_1_75' title='bbox 816 2370 989 2453; x_wconf 88' lang='lat' dir='ltr'><strong>respondit</strong></span> <span class='ocrx_word' id='word_1_76' title='bbox 1000 2370 1158 2452; x_wconf 90' lang='lat' dir='ltr'><strong>Vantine,</strong></span> <span class='ocrx_word' id='word_1_77' title='bbox 1174 2370 1281 2442; x_wconf 86' lang='lat' dir='ltr'><strong>“nun-</strong></span> 
     </span>
     <span class='ocr_line' id='line_1_15' title="bbox 277 2470 1281 2558; baseline -0.001 -15"><span class='ocrx_word' id='word_1_78' title='bbox 277 2495 382 2558; x_wconf 88' lang='lat' dir='ltr'><strong>quam</strong></span> <span class='ocrx_word' id='word_1_79' title='bbox 397 2472 542 2542; x_wconf 88' lang='lat' dir='ltr'><strong>antehac</strong></span> <span class='ocrx_word' id='word_1_80' title='bbox 556 2471 724 2554; x_wconf 84' lang='lat' dir='ltr'><strong>conspexi.</strong></span> <span class='ocrx_word' id='word_1_81' title='bbox 758 2471 893 2539; x_wconf 90' lang='lat' dir='ltr'><strong>Nomen</strong></span> <span class='ocrx_word' id='word_1_82' title='bbox 916 2470 999 2539; x_wconf 92' lang='lat' dir='ltr'><strong>mihi</strong></span> <span class='ocrx_word' id='word_1_83' title='bbox 1026 2470 1162 2553; x_wconf 92' lang='lat' dir='ltr'><strong>penitus</strong></span> <span class='ocrx_word' id='word_1_84' title='bbox 1186 2471 1281 2555; x_wconf 82' lang='lat' dir='ltr'><strong>igno</strong></span> 
     </span>
     <span class='ocr_line' id='line_1_16' title="bbox 278 2573 453 2642; baseline -0.006 0"><span class='ocrx_word' id='word_1_85' title='bbox 278 2582 353 2642; x_wconf 91' lang='lat' dir='ltr'><strong>tum</strong></span> <span class='ocrx_word' id='word_1_86' title='bbox 369 2573 453 2642; x_wconf 86' lang='lat' dir='ltr'><strong>est.”</strong></span> 
     </span>
    </p>

    <p class='ocr_par' dir='ltr' id='par_1_8' title="bbox 278 2669 1280 3055">
     <span class='ocr_line' id='line_1_17' title="bbox 362 2669 1280 2757; baseline 0.004 -16"><span class='ocrx_word' id='word_1_87' title='bbox 362 2672 483 2753; x_wconf 86' lang='lat' dir='ltr'><strong>“Tum,</strong></span> <span class='ocrx_word' id='word_1_88' title='bbox 497 2671 634 2754; x_wconf 55' lang='lat' dir='ltr'><strong>igitur?</strong></span> <span class='ocrx_word' id='word_1_89' title='bbox 649 2672 746 2740; x_wconf 80' lang='lat' dir='ltr'><strong>tatur</strong></span> <span class='ocrx_word' id='word_1_90' title='bbox 761 2669 980 2753; x_wconf 89' lang='lat' dir='ltr'><strong>Goldberger,</strong></span> <span class='ocrx_word' id='word_1_91' title='bbox 996 2673 1121 2742; x_wconf 90' lang='lat' dir='ltr'><strong>iterum</strong></span> <span class='ocrx_word' id='word_1_92' title='bbox 1133 2682 1280 2757; x_wconf 88' lang='lat' dir='ltr'><strong>recepta,</strong></span> 
     </span>
     <span class='ocr_line' id='line_1_18' title="bbox 279 2768 1279 2855; baseline 0.003 -13"><span class='ocrx_word' id='word_1_93' title='bbox 279 2773 481 2855; x_wconf 89' lang='lat' dir='ltr'><strong>sacculoque</strong></span> <span class='ocrx_word' id='word_1_94' title='bbox 496 2771 673 2842; x_wconf 81' lang='lat' dir='ltr'><strong>commissa</strong></span> <span class='ocrx_word' id='word_1_95' title='bbox 687 2771 854 2852; x_wconf 77' lang='lat' dir='ltr'><strong>chartula,</strong></span> <span class='ocrx_word' id='word_1_96' title='bbox 877 2768 1031 2840; x_wconf 86' lang='lat' dir='ltr'><strong>“iuvabit</strong></span> <span class='ocrx_word' id='word_1_97' title='bbox 1055 2773 1200 2843; x_wconf 82' lang='lat' dir='ltr'><strong>fortasse</strong></span> <span class='ocrx_word' id='word_1_98' title='bbox 1226 2797 1279 2845; x_wconf 88' lang='lat' dir='ltr'><strong>ca·</strong></span> 
     </span>
     <span class='ocr_line' id='line_1_19' title="bbox 279 2871 1280 2956; baseline 0.002 -15"><span class='ocrx_word' id='word_1_99' title='bbox 279 2872 385 2942; x_wconf 89' lang='lat' dir='ltr'><strong>daver</strong></span> <span class='ocrx_word' id='word_1_100' title='bbox 410 2873 445 2941; x_wconf 88' lang='lat' dir='ltr'><strong>in</strong></span> <span class='ocrx_word' id='word_1_101' title='bbox 471 2871 654 2954; x_wconf 80' lang='lat' dir='ltr'><strong>grabatum</strong></span> <span class='ocrx_word' id='word_1_102' title='bbox 677 2871 856 2940; x_wconf 87' lang='lat' dir='ltr'><strong>sublevare</strong></span> <span class='ocrx_word' id='word_1_103' title='bbox 879 2892 984 2954; x_wconf 92' lang='lat' dir='ltr'><strong>prope</strong></span> <span class='ocrx_word' id='word_1_104' title='bbox 1008 2871 1050 2940; x_wconf 93' lang='lat' dir='ltr'><strong>ad</strong></span> <span class='ocrx_word' id='word_1_105' title='bbox 1081 2873 1280 2956; x_wconf 87' lang='lat' dir='ltr'><strong>fenestram,</strong></span> 
     </span>
     <span class='ocr_line' id='line_1_20' title="bbox 278 2970 1030 3055; baseline -0.003 -14"><span class='ocrx_word' id='word_1_106' title='bbox 278 2980 510 3055; x_wconf 85' lang='lat' dir='ltr'><strong>contentaque</strong></span> <span class='ocrx_word' id='word_1_107' title='bbox 525 2971 739 3040; x_wconf 88' lang='lat' dir='ltr'><strong>sacculorum</strong></span> <span class='ocrx_word' id='word_1_108' title='bbox 754 2970 903 3040; x_wconf 89' lang='lat' dir='ltr'><strong>videre.”</strong></span> <span class='ocrx_word' id='word_1_109' title='bbox 1027 3013 1030 3019; x_wconf 91' lang='lat'>·</span> 
     </span>
    </p>

    <p class='ocr_par' dir='ltr' id='par_1_9' title="bbox 277 3070 1281 3452">
     <span class='ocr_line' id='line_1_21' title="bbox 362 3070 1281 3154; baseline 0.003 -14"><span class='ocrx_word' id='word_1_110' title='bbox 362 3072 474 3140; x_wconf 90' lang='lat' dir='ltr'><strong>Homo</strong></span> <span class='ocrx_word' id='word_1_111' title='bbox 489 3070 675 3154; x_wconf 80' lang='lat' dir='ltr'><strong>gracilioris</strong></span> <span class='ocrx_word' id='word_1_112' title='bbox 690 3077 765 3139; x_wconf 86' lang='lat' dir='ltr'><strong>erat</strong></span> <span class='ocrx_word' id='word_1_113' title='bbox 779 3077 933 3153; x_wconf 88' lang='lat' dir='ltr'><strong>staturae,</strong></span> <span class='ocrx_word' id='word_1_114' title='bbox 948 3071 997 3140; x_wconf 93' lang='lat' dir='ltr'><strong>ita</strong></span> <span class='ocrx_word' id='word_1_115' title='bbox 1023 3080 1062 3141; x_wconf 93' lang='lat' dir='ltr'><strong>ut</strong></span> <span class='ocrx_word' id='word_1_116' title='bbox 1088 3071 1281 3143; x_wconf 90' lang='lat' dir='ltr'><strong>Simmonds</strong></span> 
     </span>
     <span class='ocr_line' id='line_1_22' title="bbox 277 3169 1280 3255; baseline 0.003 -15"><span class='ocrx_word' id='word_1_117' title='bbox 277 3182 313 3241; x_wconf 88' lang='lat' dir='ltr'><strong>et</strong></span> <span class='ocrx_word' id='word_1_118' title='bbox 330 3171 539 3253; x_wconf 89' lang='lat' dir='ltr'><strong>Goldberger</strong></span> <span class='ocrx_word' id='word_1_119' title='bbox 554 3171 626 3252; x_wconf 93' lang='lat' dir='ltr'><strong>soli,</strong></span> <span class='ocrx_word' id='word_1_120' title='bbox 641 3170 713 3240; x_wconf 90' lang='lat' dir='ltr'><strong>sine</strong></span> <span class='ocrx_word' id='word_1_121' title='bbox 730 3169 853 3252; x_wconf 89' lang='lat' dir='ltr'><strong>labore,</strong></span> <span class='ocrx_word' id='word_1_122' title='bbox 879 3171 1047 3253; x_wconf 89' lang='lat' dir='ltr'><strong>tollerent,</strong></span> <span class='ocrx_word' id='word_1_123' title='bbox 1073 3180 1108 3242; x_wconf 90' lang='lat' dir='ltr'><strong>et</strong></span> <span class='ocrx_word' id='word_1_124' title='bbox 1134 3172 1280 3255; x_wconf 92' lang='lat' dir='ltr'><strong>grabato</strong></span> 
     </span>
     <span class='ocr_line' id='line_1_23' title="bbox 279 3269 1281 3356; baseline 0.002 -16"><span class='ocrx_word' id='word_1_125' title='bbox 279 3272 502 3354; x_wconf 89' lang='lat' dir='ltr'><strong>imponerent.</strong></span> <span class='ocrx_word' id='word_1_126' title='bbox 518 3269 596 3339; x_wconf 92' lang='lat' dir='ltr'><strong>Vidi</strong></span> <span class='ocrx_word' id='word_1_127' title='bbox 610 3271 741 3340; x_wconf 88' lang='lat' dir='ltr'><strong>interea</strong></span> <span class='ocrx_word' id='word_1_128' title='bbox 768 3269 920 3352; x_wconf 80' lang='lat' dir='ltr'><strong>Godrrey</strong></span> <span class='ocrx_word' id='word_1_129' title='bbox 934 3293 995 3354; x_wconf 87' lang='lat' dir='ltr'><strong>per</strong></span> <span class='ocrx_word' id='word_1_130' title='bbox 1010 3273 1121 3341; x_wconf 91' lang='lat' dir='ltr'><strong>locum</strong></span> <span class='ocrx_word' id='word_1_131' title='bbox 1137 3273 1171 3341; x_wconf 94' lang='lat' dir='ltr'><strong>in</strong></span> <span class='ocrx_word' id='word_1_132' title='bbox 1187 3280 1281 3356; x_wconf 88' lang='lat' dir='ltr'><strong>tape-</strong></span> 
     </span>
     <span class='ocr_line' id='line_1_24' title="bbox 279 3370 880 3452; baseline -0.003 -12"><span class='ocrx_word' id='word_1_133' title='bbox 279 3381 316 3440; x_wconf 91' lang='lat' dir='ltr'><strong>ta</strong></span> <span class='ocrx_word' id='word_1_134' title='bbox 331 3371 574 3440; x_wconf 75' lang='lat' dir='ltr'><strong>vacuefactum</strong></span> <span class='ocrx_word' id='word_1_135' title='bbox 590 3370 880 3452; x_wconf 89' lang='lat' dir='ltr'><strong>circumspectare.</strong></span> 
     </span>
    </p>

    <p class='ocr_par' dir='ltr' id='par_1_10' title="bbox 279 3470 1281 3854">
     <span class='ocr_line' id='line_1_25' title="bbox 363 3470 1281 3555; baseline 0.002 -15"><span class='ocrx_word' id='word_1_136' title='bbox 363 3471 499 3541; x_wconf 85' lang='lat' dir='ltr'><strong>“Unum</strong></span> <span class='ocrx_word' id='word_1_137' title='bbox 514 3470 704 3554; x_wconf 76' lang='lat' dir='ltr'><strong>prasertim</strong></span> <span class='ocrx_word' id='word_1_138' title='bbox 720 3470 805 3539; x_wconf 90' lang='lat' dir='ltr'><strong>scire</strong></span> <span class='ocrx_word' id='word_1_139' title='bbox 821 3473 1012 3553; x_wconf 89' lang='lat' dir='ltr'><strong>cuperem,’&#39;</strong></span> <span class='ocrx_word' id='word_1_140' title='bbox 1038 3472 1086 3541; x_wconf 92' lang='lat' dir='ltr'><strong>ait</strong></span> <span class='ocrx_word' id='word_1_141' title='bbox 1112 3480 1188 3555; x_wconf 92' lang='lat' dir='ltr'><strong>post</strong></span> <span class='ocrx_word' id='word_1_142' title='bbox 1210 3495 1281 3542; x_wconf 81' lang='lat' dir='ltr'><strong>mo</strong></span> 
     </span>
     <span class='ocr_line' id='line_1_26' title="bbox 280 3569 1280 3655; baseline 0.002 -15"><span class='ocrx_word' id='word_1_143' title='bbox 280 3593 362 3651; x_wconf 91' lang='lat' dir='ltr'><strong>ram,</strong></span> <span class='ocrx_word' id='word_1_144' title='bbox 379 3571 425 3639; x_wconf 87' lang='lat' dir='ltr'><strong>“si</strong></span> <span class='ocrx_word' id='word_1_145' title='bbox 441 3571 612 3640; x_wconf 89' lang='lat' dir='ltr'><strong>homullus</strong></span> <span class='ocrx_word' id='word_1_146' title='bbox 633 3569 687 3639; x_wconf 93' lang='lat' dir='ltr'><strong>hic</strong></span> <span class='ocrx_word' id='word_1_147' title='bbox 711 3591 884 3639; x_wconf 89' lang='lat' dir='ltr'><strong>venenum</strong></span> <span class='ocrx_word' id='word_1_148' title='bbox 909 3572 1063 3654; x_wconf 90' lang='lat' dir='ltr'><strong>sumpsit,</strong></span> <span class='ocrx_word' id='word_1_149' title='bbox 1090 3593 1240 3655; x_wconf 88' lang='lat' dir='ltr'><strong>quonam</strong></span> <span class='ocrx_word' id='word_1_150' title='bbox 1260 3595 1280 3642; x_wconf 87' lang='lat' dir='ltr'><strong>e</strong></span> 
     </span>
     <span class='ocr_line' id='line_1_27' title="bbox 280 3670 1281 3754; baseline 0.004 -16"><span class='ocrx_word' id='word_1_151' title='bbox 280 3672 418 3740; x_wconf 84' lang='lat' dir='ltr'><strong>vasculo</strong></span> <span class='ocrx_word' id='word_1_152' title='bbox 432 3670 466 3739; x_wconf 97' lang='lat' dir='ltr'><strong>id</strong></span> <span class='ocrx_word' id='word_1_153' title='bbox 481 3670 623 3740; x_wconf 83' lang='lat' dir='ltr'><strong>fecerit?</strong></span> <span class='ocrx_word' id='word_1_154' title='bbox 646 3670 794 3740; x_wconf 90' lang='lat' dir='ltr'><strong>Ubinam</strong></span> <span class='ocrx_word' id='word_1_155' title='bbox 810 3678 862 3739; x_wconf 91' lang='lat' dir='ltr'><strong>est</strong></span> <span class='ocrx_word' id='word_1_156' title='bbox 878 3670 987 3751; x_wconf 91' lang='lat' dir='ltr'><strong>theca,</strong></span> <span class='ocrx_word' id='word_1_157' title='bbox 1003 3678 1064 3740; x_wconf 92' lang='lat' dir='ltr'><strong>aut</strong></span> <span class='ocrx_word' id='word_1_158' title='bbox 1079 3672 1202 3754; x_wconf 88' lang='lat' dir='ltr'><strong>phiala,</strong></span> <span class='ocrx_word' id='word_1_159' title='bbox 1218 3680 1281 3742; x_wconf 91' lang='lat' dir='ltr'><strong>aut</strong></span> 
     </span>
     <span class='ocr_line' id='line_1_28' title="bbox 279 3770 512 3854; baseline 0.004 -14"><span class='ocrx_word' id='word_1_160' title='bbox 279 3770 361 3854; x_wconf 94' lang='lat' dir='ltr'><strong>quid</strong></span> <span class='ocrx_word' id='word_1_161' title='bbox 377 3770 512 3841; x_wconf 84' lang='lat' dir='ltr'><strong>aliud?’&#39;</strong></span> 
     </span>
    </p>

    <p class='ocr_par' dir='ltr' id='par_1_11' title="bbox 363 3869 1282 3953">
     <span class='ocr_line' id='line_1_29' title="bbox 363 3869 1282 3953; baseline 0.003 -14"><span class='ocrx_word' id='word_1_162' title='bbox 363 3871 445 3940; x_wconf 83' lang='lat' dir='ltr'><strong>“Est</strong></span> <span class='ocrx_word' id='word_1_163' title='bbox 470 3870 616 3939; x_wconf 82' lang='lat' dir='ltr'><strong>fortasse</strong></span> <span class='ocrx_word' id='word_1_164' title='bbox 640 3871 675 3939; x_wconf 93' lang='lat' dir='ltr'><strong>in</strong></span> <span class='ocrx_word' id='word_1_165' title='bbox 703 3870 847 3952; x_wconf 89' lang='lat' dir='ltr'><strong>palmo,’&#39;</strong></span> <span class='ocrx_word' id='word_1_166' title='bbox 874 3877 974 3953; x_wconf 91' lang='lat' dir='ltr'><strong>putat</strong></span> <span class='ocrx_word' id='word_1_167' title='bbox 999 3869 1200 3953; x_wconf 89' lang='lat' dir='ltr'><strong>Simmonds,</strong></span> <span class='ocrx_word' id='word_1_168' title='bbox 1225 3871 1282 3942; x_wconf 68' lang='lat' dir='ltr'><strong>de</strong></span> 
     </span>
    </p>
   </div>
   <div class='ocr_carea' id='block_1_5' title="bbox 279 3969 1281 4139">
    <p class='ocr_par' dir='ltr' id='par_1_12' title="bbox 279 3969 1281 4139">
     <span class='ocr_line' id='line_1_30' title="bbox 279 3969 1281 4139; baseline 0.001 -100"><span class='ocrx_word' id='word_1_169' title='bbox 279 3979 458 4139; x_wconf 42' lang='lat' dir='ltr'><strong>{tamque</strong></span> <span class='ocrx_word' id='word_1_170' title='bbox 473 3970 547 4039; x_wconf 91' lang='lat' dir='ltr'><strong>eius</strong></span> <span class='ocrx_word' id='word_1_171' title='bbox 561 3970 731 4050; x_wconf 89' lang='lat' dir='ltr'><strong>sublevat,</strong></span> <span class='ocrx_word' id='word_1_172' title='bbox 747 3990 825 4051; x_wconf 86' lang='lat' dir='ltr'><strong>quae</strong></span> <span class='ocrx_word' id='word_1_173' title='bbox 840 3969 884 4038; x_wconf 94' lang='lat' dir='ltr'><strong>ad</strong></span> <span class='ocrx_word' id='word_1_174' title='bbox 900 3970 990 4039; x_wconf 93' lang='lat' dir='ltr'><strong>latus</strong></span> <span class='ocrx_word' id='word_1_175' title='bbox 1003 3969 1139 4052; x_wconf 91' lang='lat' dir='ltr'><strong>grabati</strong></span> <span class='ocrx_word' id='word_1_176' title='bbox 1155 3970 1281 4054; x_wconf 89' lang='lat' dir='ltr'><strong>depen-</strong></span> 
     </span>
     <span class='ocr_line' id='line_1_31' title="bbox 302 4079 391 4139; baseline 0 -1"><span class='ocrx_word' id='word_1_177' title='bbox 302 4091 322 4138; x_wconf 86' lang='lat' dir='ltr'><strong>e</strong></span> <span class='ocrx_word' id='word_1_178' title='bbox 367 4079 391 4139; x_wconf 92' lang='lat' dir='ltr'><strong>t.</strong></span> 
     </span>
    </p>
   </div>
   <div class='ocr_carea' id='block_1_6' title="bbox 0 0 1569 5016">
    <p class='ocr_par' dir='ltr' id='par_1_13' title="bbox 0 0 1569 5016">
     <span class='ocr_line' id='line_1_32' title="bbox 0 0 1569 5016; baseline 0 0"><span class='ocrx_word' id='word_1_179' title='bbox 0 0 1569 5016; x_wconf 95' lang='lat' dir='ltr'><strong> </strong></span> 
     </span>
    </p>
   </div>
  </div>
 </body>
</html>
