3128 5016
671 1850 821 1920 CAPUT
843 1850 891 1919 111

595 2036 727 2102 Manus
748 2034 953 2104 Vulnerata.

364 2217 494 2289 “CAES
500 2220 558 2288 VS
577 2216 685 2286 mitt’
708 2217 832 2300 repetit
847 2218 952 2287 verba
967 2217 1116 2299 Godfrey
1143 2218 1281 2287 certitu-

283 2318 371 2386 dinis
386 2319 535 2400 quadam
549 2318 766 2399 conscientii,
782 2317 826 2386 ad
842 2339 921 2400 quae
935 2317 1041 2386 verba
1056 2318 1171 2400 paullo
1185 2318 1283 2387 arcti·

282 2439 324 2486 us
338 2439 400 2486 nos
415 2417 703 2501 conglobrivimus,
718 2440 790 2500 prae
805 2419 1030 2487 detestatione
1045 2418 1205 2487 facinoris
1216 2426 1282 2487 tre-

281 2526 422 2587 mentes.
445 2519 537 2588 Mors
552 2540 730 2600 nunquam
751 2540 820 2586 non
834 2525 887 2586 est
901 2517 1077 2599 horrenda,
1102 2517 1281 2587 suicidium

281 2617 455 2686 horrorem
485 2625 608 2700 auget;
651 2617 872 2687 homicidium
902 2616 1094 2685 coronidem
1123 2617 1281 2699 imponit.

280 2717 408 2786 Omnes
423 2718 538 2799 itaque
554 2718 687 2787 silentio
702 2717 816 2785 obruti
832 2717 999 2797 stetimus,
1014 2717 1121 2785 oculis
1145 2717 1281 2800 patulis,

280 2817 377 2899 quasi
392 2816 533 2885 fascinio
547 2819 680 2897 mamis,
696 2837 800 2898 quam
821 2814 1012 2884 Simmonds
1025 2816 1122 2885 nobis
1137 2825 1281 2899 praeten·

278 2915 392 2997 debat,
409 2915 592 2997 constricti,
607 2923 712 2998 atque
727 2915 869 2984 minutis
883 2915 946 2984 illis
960 2916 1170 2998 vulneribus,
1186 2917 1282 2986 deco·

279 3016 349 3085 lore
375 3038 487 3096 carne,
517 3015 672 3097 maleque
699 3015 929 3084 ominantibus
954 3016 1096 3086 maculis
1110 3016 1281 3098 coagulati

279 3117 457 3198 sanguinis
472 3117 505 3184 in
520 3115 665 3185 circuitu
681 3115 903 3198 decurrentis,
918 3116 1046 3186 cinctis.
1076 3117 1167 3186 Tum
1183 3116 1283 3186 Gold-

280 3216 413 3299 berger‚
428 3215 599 3299 profundo
616 3215 738 3298 spiritu
755 3216 867 3298 ducto,
893 3216 1037 3285 eandem
1063 3239 1142 3300 quae
1165 3237 1282 3287 meum

279 3317 432 3386 animum
446 3316 620 3386 subiverat
635 3317 874 3399 cogitationem
890 3317 943 3386 his
958 3316 1104 3386 reddidit
1115 3317 1244 3387 verbis:

364 3417 485 3498 “Hem,
500 3417 634 3486 resista
648 3417 777 3485 morsui
793 3417 921 3487 colubri
936 3423 989 3487 est
1003 3417 1119 3486 similis
1132 3415 1160 3484 !'’
1183 3419 1282 3487 fatur

280 3538 362 3585 voce
378 3538 440 3599 per
454 3525 628 3599 stuporem
645 3519 800 3585 exacuto.

364 3618 412 3686 Ac
429 3637 549 3685 revera
563 3616 613 3685 ita
627 3616 778 3700 parebat.
812 3616 897 3684 Duae
912 3616 977 3685 illae
992 3617 1174 3685 minutulae
1197 3639 1281 3699 pun-

281 3723 400 3798 cturae,
416 3716 475 3785 vix
490 3715 628 3785 dimidio
643 3716 761 3800 pollice
788 3715 959 3798 seiunctae,
985 3738 1006 3785 a
1030 3716 1168 3786 colubro
1189 3724 1281 3785 certe

280 3824 438 3898 poterant
451 3816 569 3899 infligi.

364 3917 461 4000 Quod
477 3917 511 3987 in
526 3916 677 3985 conclavi
693 3916 793 3985 celeri
808 3917 965 3985 contuitu
989 3915 1283 3999 circumspectavi-

280 4038 368 4097 mus,
384 4025 419 4085 et
436 4017 525 4099 quod
542 4015 679 4098 algidus
693 4015 814 4084 horror
829 4037 889 4098 per
904 4015 1015 4084 media
1041 4015 1140 4084 dorsa
1165 4023 1282 4086 nostra

280 4138 418 4186 sursum
433 4116 581 4199 repebat,
597 4115 695 4185 nobis
709 4115 825 4184 invitis
846 4115 992 4197 fiebant;
1013 4137 1079 4198 ego
1107 4121 1224 4185 tamen
1246 4123 1283 4186 et
