3150 5468
468 1281 619 1336 anunm
637 1281 795 1336 vaurme
812 1281 1021 1336 sauurnron
1179 1263 1241 1335 1⁶9

321 1449 419 1520 “Non
436 1473 533 1521 secus
547 1458 582 1520 et
598 1473 671 1534 ego.
695 1451 777 1521 Inde
792 1472 813 1520 a
827 1451 881 1521 die
893 1450 1101 1534 nuptiarum
1117 1448 1163 1518 mi
1179 1448 1241 1518 Le-

239 1559 318 1631 ster,
335 1550 407 1632 ipsa
421 1551 512 1620 haud
529 1573 649 1634 parum
666 1560 800 1620 mutata
814 1559 866 1620 est
887 1587 929 1596 -
955 1558 1029 1619 tum
1053 1550 1144 1619 enim
1169 1548 1242 1632 ipsa

238 1651 349 1733 puella
364 1660 437 1720 erat
453 1652 529 1720 laevi
545 1651 651 1721 facie!
666 1651 786 1720 Trium
802 1673 969 1720 annorum
980 1672 1060 1720 curn
1076 1649 1170 1719 Duce
1179 1670 1241 1718 suo

237 1750 413 1820 convictus
427 1751 572 1834 vestigia
587 1751 621 1820 in
638 1773 678 1821 ea
693 1750 829 1834 reliquit
839 1750 869 1819 l’'

324 1850 401 1919 Mox
417 1851 589 1933 conticuit,
605 1860 640 1921 et
656 1851 823 1920 meditans
848 1852 963 1921 oculos
988 1851 1021 1920 in
1038 1857 1172 1934 tapetas
1185 1849 1242 1919 de-

239 1950 335 2020 fixios
356 1951 506 2032 gerebat.
541 1951 694 2034 Denique
720 1974 797 2021 cum
825 1951 938 2021 subito
968 1960 1114 2020 tremore
1140 1950 1183 2019 ad
1205 1971 1241 2019 se

240 2050 348 2120 rediit.

322 2150 490 2221 “Historia
514 2159 630 2220 autem
661 2151 789 2221 ancillae
819 2160 910 2222 certe
940 2152 1061 2222 auditu
1092 2150 1241 2221 iucunda

239 2251 339 2332 luit‚''
356 2251 476 2333 inquit.
493 2250 627 2320 “Nihilo
643 2259 756 2320 tamen
774 2252 883 2322 secius
909 2253 1007 2336 plura
1032 2253 1066 2321 in
1094 2273 1134 2321 ea
1160 2257 1241 2320 sunt

238 2373 317 2433 quae
333 2350 413 2419 mihi
430 2351 567 2420 minime
583 2352 744 2434 liquent.”

323 2451 404 2519 “Est
420 2473 528 2520 unum
545 2451 578 2519 in
595 2451 656 2531 his,
673 2452 763 2534 quod
779 2475 822 2521 ne
838 2453 919 2522 mihi
936 2453 1073 2536 quidem
1100 2459 1151 2521 est
1177 2451 1242 2520 cla·

239 2551 345 2630 rum‚''
362 2551 516 2632 respondi
533 2573 606 2633 ego.
640 2550 714 2620 “Ne
730 2553 893 2621 somniavi
910 2553 1047 2635 quidem
1063 2552 1151 2620 hanc
1166 2573 1239 2620 esse

238 2672 350 2719 arcam
367 2673 483 2720 veram
509 2660 544 2720 et
567 2651 762 2733 genuinam.
795 2652 929 2721 Nescivi
956 2654 1014 2735 qui
1031 2652 1063 2721 id
1079 2674 1152 2721 esse
1167 2672 1241 2734 pos·

239 2752 321 2819 set.”

323 2851 427 2920 “Rem
444 2874 507 2920 acu
525 2852 677 2933 tetigisti.
694 2852 840 2935 Quinam
857 2853 890 2921 id
908 2853 1038 2922 factum
1055 2860 1116 2934 est,
1132 2873 1241 2935 quum

240 2960 394 3020 matrona
410 2953 521 3021 velata
536 2952 686 3020 Armand
703 2961 738 3020 et
755 2952 821 3020 Fils
837 2953 971 3021 Parisiis
982 2948 1140 3033 advisset,
1152 2959 1187 3021 et
1198 2950 1241 3020 ab

241 3051 280 3119 iis
294 3052 336 3119 ad
354 3052 545 3134 Philippum
563 3052 709 3120 Vantine
725 3053 827 3120 missa
842 3055 952 3123 esset?
978 3053 1025 3122 Ut
1051 3074 1113 3121 sua
1137 3051 1243 3135 ipsius

241 3152 390 3220 narratio
405 3152 485 3231 fert,
501 3152 571 3233 ipse
587 3152 673 3220 hanc
689 3174 801 3220 arcam
819 3175 885 3220 non
902 3151 1131 3235 praestinavit;
1154 3151 1241 3221 hanc

241 3261 340 3320 antea
357 3274 532 3334 nunquam
559 3253 749 3334 conspexit;
782 3252 938 3321 credibile
954 3261 1004 3321 est
1021 3252 1119 3321 istam
1135 3274 1177 3321 ex
1192 3273 1243 3321 er·

242 3374 315 3421 rore
331 3374 403 3420 esse
419 3353 573 3431 missam;
597 3352 747 3421 Annand
772 3360 806 3421 et
831 3352 898 3420 Fils
914 3353 1099 3421 remulcant
1115 3352 1175 3420 tibi
1192 3374 1242 3421 er·

241 3474 349 3520 rorem
366 3475 437 3521 esse
453 3452 688 3532 commissum;
709 3461 743 3521 et
760 3461 872 3521 tamen
890 3452 1035 3522 Vantine
1051 3458 1242 3521 memorant

240 3552 312 3620 eius
335 3575 423 3621 arcae
447 3553 725 3635 praestinatorem.
757 3553 891 3635 Aliquid
915 3552 1036 3622 alicubi
1060 3553 1241 3621 distortum

242 3674 313 3720 esse
329 3662 470 3721 constat.

325 3752 405 3821 “llla
428 3775 463 3822 re
487 3753 670 3822 admoneor
687 3753 777 3821 vices
800 3761 958 3834 agentern
986 3752 1137 3822 Armand
1162 3773 1244 3821 non·

241 3851 322 3920 dum
339 3874 392 3920 me
409 3853 534 3922 visisse.
558 3853 657 3922 Haud
674 3861 725 3922 est
740 3853 882 3921 dubium
906 3853 988 3935 quin
1014 3853 1042 3921 is
1067 3852 1244 3921 difficulta-

242 3961 311 4020 tem
327 3952 483 4022 dirimere
500 3953 634 4035 possit.”

327 4051 474 4136 “Utique
501 4076 568 4121 non
595 4054 703 4123 oberit
734 4053 807 4122 eius
836 4053 1064 4122 narrationem
1093 4052 1243 4134 audire,”

244 4157 385 4240 putabat
402 4155 561 4236 Godfrey.
585 4153 789 4224 “Videamus
804 4175 894 4223 nunc
910 4154 1003 4223 illum
1020 4153 1203 4222 lorulum.”

327 4256 472 4324 Forulus
487 4277 595 4337 usque
611 4262 685 4323 erat
700 4262 840 4336 apertus
861 4276 901 4322 eo
916 4275 984 4336 quo
999 4275 1078 4323 eum
1103 4253 1246 4336 relique·

244 4378 358 4424 ramus
382 4356 491 4435 modo,
518 4355 574 4423 sed
602 4354 753 4435 Godfrey
779 4375 858 4422 eum
884 4353 918 4421 in
943 4354 1054 4422 locum
1076 4352 1244 4437 repressit,

243 4456 510 4537 ostendabatque
537 4455 617 4523 mihi
642 4454 944 4536 configurationem
969 4454 1114 4535 vairam,
1130 4474 1246 4535 quem·

243 4556 427 4626 admodum
443 4577 503 4639 per
517 4563 641 4638 crusta,
657 4575 810 4638 opusque
826 4553 999 4623 musivum
1014 4553 1125 4623 forma
1140 4555 1246 4623 locus·
