3150 5468
459 1293 635 1352 nonnorus
655 1295 798 1361 oumnn
819 1294 1031 1353 saturnino
1188 1282 1251 1352 143

252 1463 310 1534 ina
324 1465 378 1536 ait.
400 1465 659 1549 Verumtamen,
674 1465 765 1536 Here
780 1466 1014 1548 Hornblower‚
1037 1465 1204 1537 monitum
1220 1474 1255 1536 te

251 1585 326 1636 ecoe
339 1567 418 1637 volo
433 1565 515 1636 mihi
531 1587 731 1650 persuasum
746 1587 821 1637 esse
834 1567 921 1637 duos
935 1567 1037 1649 viros,
1052 1588 1110 1637 eoa
1124 1567 1255 1638 forulos

252 1667 383 1749 aperire
409 1673 558 1749 conatos,
584 1667 711 1738 occiooo
734 1667 872 1749 fuisoe‚”
895 1666 1107 1750 explicuique
1131 1668 1176 1737 illi
1198 1667 1256 1737 acl·

251 1789 389 1838 versum
405 1789 460 1838 me
475 1767 617 1850 sedenti,
638 1768 833 1852 auditisque
854 1768 1036 1838 eventibus
1060 1767 1256 1852 obstupefa-

252 1876 308 1938 cto
322 1867 490 1938 theoriam
504 1889 616 1938 meam
632 1867 674 1939 de
690 1876 799 1938 morte
815 1868 960 1951 Philippi
975 1868 1134 1950 Vantine,
1150 1867 1254 1938 Fran·

252 1968 352 2052 cique
367 1968 486 2052 ignoti.
510 1968 665 2051 Denique
680 1968 733 2038 his
749 1968 861 2038 verbis
886 1967 1000 2038 finivi:
1033 1965 1252 2039 “Veiosimile

252 2068 334 2137 mihi
350 2068 487 2138 videtur
500 2068 658 2149 Vantine‚
673 2068 756 2138 dum
771 2088 885 2138 arcam
900 2067 1101 2151 exploraret,
1115 2090 1196 2139 casu
1217 2070 1253 2139 in

252 2168 404 2238 forulum
419 2167 593 2249 incidisse
615 2175 652 2237 at
666 2190 749 2238 vero
763 2167 911 2239 alterum
924 2190 1005 2238 eum
1020 2167 1193 2238 hominem
1203 2170 1255 2239 io

253 2267 318 2338 ruli
332 2267 492 2352 ignarum
506 2290 576 2338 non
591 2268 698 2339 fuisse
713 2268 853 2353 perinde
874 2275 979 2351 atque
1004 2275 1253 2351 contentorum,

252 2367 385 2438 nullum
399 2367 608 2438 intercedere
621 2367 797 2438 dubium.”

336 2483 445 2556 “Hem
454 2483 484 2555 l”
499 2483 692 2568 interpellat
702 2484 878 2566 salutator,
890 2483 1037 2555 “multae
1050 2491 1086 2556 et
1100 2485 1205 2556 miras
1218 2486 1253 2556 in

252 2585 324 2655 vita
339 2605 416 2655 mea
430 2583 546 2655 audivi
569 2584 703 2655 recitari
727 2583 872 2666 fabulas,
896 2605 1012 2668 parem
1038 2584 1140 2655 huius
1165 2607 1253 2656 nun·

253 2706 367 2768 quam.
391 2685 526 2756 Nihilne
541 2685 603 2756 tibi
619 2684 661 2755 de
677 2684 742 2754 isto
758 2684 888 2755 Franco
902 2691 1035 2755 constat
1045 2684 1083 2754 ?''

336 2800 461 2883 “Nihil
476 2801 540 2872 nisi
554 2802 645 2886 quod
660 2800 705 2872 ab
720 2801 837 2872 Havre
852 2822 913 2885 per
927 2804 981 2872 Lo
999 2803 1183 2884 Touroine,
1199 2825 1254 2874 su·

253 2902 385 2985 periore
400 2901 454 2972 die
471 2902 561 2972 Iovis
574 2901 642 2973 huc
656 2901 799 2987 appulit,
814 2909 850 2972 et
865 2900 956 2984 quod
972 2923 993 2971 a
1006 2902 1176 2986 crepidine
1203 2926 1254 2974 re·

254 3006 311 3074 cta
326 3002 394 3074 huc
409 3010 530 3073 vectus
543 3004 627 3073 est.’'

337 3118 436 3191 “Mea
451 3141 588 3204 quoque
603 3119 708 3190 cliens
723 3142 783 3202 per
800 3123 853 3190 Lo
872 3121 1047 3188 Touroino
1060 3119 1200 3190 advenit
1215 3155 1254 3166 -
1321 3126 1328 3140 ‘

256 3219 347 3304 quod
363 3227 480 3291 tamen
495 3241 576 3290 casu
592 3220 641 3290 ita
655 3220 787 3289 iactum
803 3220 885 3289 est.”

337 3336 447 3407 “lieri
458 3338 600 3420 potest,”
615 3337 766 3421 inquam,
782 3335 860 3406 “sed
877 3336 935 3406 vix
948 3357 1028 3406 casu
1050 3337 1182 3407 iactum
1204 3345 1256 3408 est

254 3445 295 3507 ut
309 3445 345 3508 et
359 3437 431 3521 ipae
446 3444 482 3508 et
496 3437 600 3507 cliens
625 3444 687 3508 tua
702 3438 815 3520 gratia
828 3443 1067 3507 contentorum
1082 3437 1184 3508 foruli
1200 3460 1257 3508 ve·

254 3537 414 3608 ως,

338 3637 462 3708 “Aime
477 3645 517 3708 tu
533 3691 540 3707 ι
557 3691 565 3707 .
581 3638 611 3719 ,n

338 3737 422 3808 “Aio
445 3737 605 3822 equidem
629 3737 702 3808 fieri
729 3739 878 3822 potuisse
900 3746 940 3809 ut
960 3739 1181 3820 mysteriosus
1202 3738 1256 3809 ille

255 3838 407 3909 Francus
419 3837 464 3909 ab
479 3838 562 3909 hero
577 3838 608 3908 Χ
623 3837 746 3909 mimus
760 3839 902 3921 veniret,
918 3838 1074 3908 Matrona
1088 3838 1118 3907 X
1133 3860 1255 3922 nempe

253 3959 336 4009 casu
361 3937 509 4022 quodam
534 3937 718 4022 improviso
743 3958 906 4010 arcanum
931 3936 974 4008 de
989 3937 1110 4008 litteris
1123 3945 1257 4021 poterat

254 4037 378 4109 marito
392 4059 455 4108 auo
469 4037 686 4122 prodidimel'

339 4154 452 4226 Herus
466 4154 689 4226 Homblower
704 4156 817 4227 cubito
832 4154 989 4227 annexit
1005 4154 1129 4225 Animo
1144 4155 1258 4225 admo-

255 4253 340 4326 dum
354 4253 514 4326 turbatua
528 4276 602 4326 eoae
617 4254 808 4327 videbatur.

340 4370 517 4443 “Fortasse
547 4393 630 4442 vera
655 4374 804 4456 moneo,”
828 4372 948 4456 inquit
981 4370 1076 4455 “ugo
1100 4372 1256 4442 clientem

256 4492 368 4543 meam
382 4471 564 4543 confestim
580 4471 737 4543 edocebo.
759 4472 964 4544 Concessum
979 4471 1146 4544 nuntiabo
1160 4472 1206 4542 illi
1221 4471 1258 4543 li·

255 4593 333 4646 cere
346 4592 462 4646 arcam
476 4571 658 4660 inspicere3
673 4579 779 4660 atque
793 4573 821 4645 oi
835 4573 908 4647 haec
923 4593 1006 4644 vera
1020 4592 1094 4644 moe
1107 4593 1258 4658 compro
