3128 5016
583 805 720 859 rooms
741 805 983 859 emersuros
1241 790 1281 860 71

279 995 360 1044 cum
375 972 416 1042 iis
428 995 512 1043 voce
528 973 696 1043 submissa
709 973 974 1057 colloquebatur.
995 972 1085 1042 Tum
1099 973 1143 1042 ad
1168 972 1283 1058 Grady

280 1096 317 1143 se
331 1074 517 1144 convertit:

365 1189 512 1260 “Doctor
541 1190 823 1274 Freylinghuisen
854 1191 974 1261 asserit
1004 1191 1159 1262 examine
1195 1189 1283 1275 ‘post

280 1291 437 1359 mortem'
453 1312 540 1374 opus
553 1313 621 1361 non
638 1293 742 1374 esse,”
757 1292 878 1374 inquit.
896 1291 1044 1361 “Indicia
1058 1292 1177 1361 mortis
1191 1293 1282 1362 omni

279 1412 425 1460 numero
439 1391 559 1460 eadem
574 1413 648 1461 esse
662 1414 742 1461 cum
764 1392 895 1462 indiciis
917 1392 1036 1461 mortis
1061 1392 1201 1461 alterius
1223 1393 1282 1462 ho-

279 1491 390 1573 minis,
407 1491 466 1573 qui
481 1498 558 1574 post
571 1492 746 1561 meridiem
760 1492 815 1561 hic
837 1492 966 1561 occisus
989 1499 1049 1561 est.
1089 1492 1283 1575 Utrumque

280 1591 401 1660 eodem
416 1613 542 1675 genere
557 1593 677 1662 mortis
691 1591 865 1662 sublatum
881 1614 954 1661 esse
969 1592 1004 1661 in
1020 1591 1163 1661 dubium
1188 1614 1283 1661 revo-

280 1691 349 1760 cari
365 1712 433 1760 non
449 1713 555 1774 posse.
579 1692 666 1761 Item
690 1692 733 1761 ad
757 1693 955 1761 relationem
980 1692 1132 1761 eiusdem
1156 1693 1284 1762 tenoris

280 1791 555 1873 perscribendam
571 1814 606 1861 se
622 1799 781 1875 paratum
797 1814 870 1861 esse
884 1792 968 1862 ait.''

364 1906 479 1976 “Bene
494 1929 600 1977 resse
616 1908 754 1985 habet‚''
771 1908 893 1991 probat
908 1907 1032 1991 Grady.
1055 1907 1206 1978 “Poterit
1223 1909 1284 1978 ita-

280 2029 349 2090 que
363 2007 510 2076 cadaver
524 2009 678 2092 cognatis
692 2009 812 2078 tradi.’'

364 2123 480 2193 “Nulli
496 2134 577 2194 sunt
592 2126 758 2207 cognati,''
774 2125 950 2208 interpello
965 2147 1039 2208 ego;
1050 2124 1190 2194 “saltem
1205 2148 1281 2195 con-

281 2224 459 2308 sanguinei
474 2225 568 2294 nulli.
590 2225 737 2294 Vantine
752 2248 825 2295 suae
848 2227 1014 2309 prosapia
1036 2226 1106 2295 iuit
1129 2227 1281 2296 ultimus.

280 2324 369 2394 Casu
405 2332 505 2394 teneo
535 2332 689 2395 nostrum
722 2326 930 2395 consortium
962 2333 1195 2395 exsecutorem
1230 2327 1282 2396 sui

281 2447 355 2494 esse
389 2426 597 2507 testamenti,
622 2426 773 2509 proinde,
804 2427 831 2495 si
860 2425 943 2495 nihil
973 2426 1095 2507 obstet,
1119 2425 1285 2496 bonorum

281 2525 433 2594 omnium
448 2525 773 2595 administrationem
788 2526 1000 2609 suscipiam.”

365 2640 511 2723 “Placet,
528 2641 617 2711 Here
633 2642 783 2723 Lester,'’
799 2643 924 2712 iterum
949 2643 1070 2724 probat
1091 2642 1217 2725 Grady,
1242 2664 1282 2711 ac

281 2763 335 2811 me
351 2742 533 2823 contuitus,
549 2741 713 2812 “Notaene
726 2743 787 2811 tibi
810 2751 892 2812 sunt
918 2744 1011 2826 leges
1033 2743 1233 2812 testamenti
1245 2743 1282 2811 ?”

281 2842 415 2924 quaerit.

364 2941 473 3010 “Sunt
489 2943 611 3011 notae.”

364 3040 437 3109 “Ex
463 3042 588 3111 obtutu
614 3042 736 3113 barum
765 3043 998 3112 conditionum
1031 3063 1283 3125 quemquamne

280 3142 468 3225 cognovisti
483 3143 539 3211 cui
554 3143 702 3213 Vantine
717 3166 809 3213 mors
824 3143 985 3213 beneficio
1001 3164 1074 3211 esse
1090 3144 1244 3225 posset?”

364 3258 502 3328 “Licere
529 3261 611 3329 mihi
635 3261 782 3330 arbitror
806 3261 868 3330 tibi
892 3261 954 3328 has
983 3261 1077 3341 leges
1100 3260 1282 3342 revelare,”

281 3359 437 3441 respondi
464 3359 509 3427 illi
530 3368 606 3442 post
630 3383 738 3443 pauca
760 3369 943 3430 momenta.
967 3358 1143 3442 “Demptis
1166 3360 1282 3442 paucis

280 3459 402 3543 legatis
417 3481 479 3541 pro
495 3459 565 3528 suis
580 3461 728 3542 famulis,
744 3469 867 3531 cuncta
884 3482 946 3529 sua
962 3459 1051 3529 bona
1077 3459 1196 3528 Museo
1212 3459 1281 3528 Me·

280 3559 483 3642 tropolitano
500 3561 615 3630 relicta
630 3563 742 3630 sunt.”

364 3675 450 3745 “Per
465 3677 643 3759 longiusne
659 3685 795 3761 tempus
809 3679 856 3747 illi
870 3678 1043 3747 consultor
1058 3675 1196 3745 fuistil'’

363 3775 450 3845 “Per
465 3778 591 3846 multos
605 3800 712 3847 annos
723 3780 847 3853 iurium
859 3778 1069 3848 consultores
1080 3775 1110 3845 ei
1119 3776 1280 3845 fuimus.”

280 3978 297 4046 f
324 3977 331 3990 ι
363 3875 590 4004 “linquamne
615 3880 775 3949 audivisti
802 3881 847 3949 illi
874 3899 1081 3962 quemquam
1107 3876 1280 3944 infensum

322 3998 397 4045 isse.

296 4000 321 4047 u
364 4076 603 4160 “Nunquam’'
627 4080 753 4164 absque
784 4103 878 4149 mora
894 4079 939 4149 illi
955 4075 1132 4160 respondi;
1155 4073 1280 4158 “quan-
