3128 5016
276 761 319 832 50
568 769 1034 830 nxsrsmunxncmnoum

362 944 466 1014 “Inde
481 945 601 1027 colligo
616 965 722 1027 quare
744 943 813 1014 duo
835 943 904 1014 sint
926 943 1090 1013 denticuli
1111 941 1279 1023 instituti;

277 1068 341 1115 nec
356 1068 411 1115 me
426 1046 499 1115 falli
514 1046 628 1128 puto.”

362 1161 429 1233 “At
442 1170 483 1233 tu
498 1169 590 1232 certe
601 1162 683 1232 satis
692 1161 778 1232 nosti
788 1162 921 1231 nullum
932 1161 1093 1232 exsistere
1105 1183 1277 1232 venenum

280 1263 373 1346 quod
389 1271 460 1333 tam
476 1263 543 1333 cito
558 1270 656 1332 necet
665 1262 702 1332 ?''
718 1262 841 1346 quaerit
856 1262 1009 1345 Hughes.

362 1380 514 1463 Godfrey
529 1402 609 1450 eum
624 1379 755 1449 curiose
769 1386 963 1449 contuetur.

363 1497 452 1568 “Vix
467 1520 576 1581 pauca
591 1504 764 1567 momenta
785 1503 866 1566 ante
889 1497 961 1579 ipse
984 1504 1025 1566 tu
1050 1498 1281 1568 memoravisti

280 1598 518 1681 Florentiam?
534 1605 650 1667 monet
665 1619 755 1667 eum.
772 1596 841 1666 “Te
854 1596 1005 1666 innuisse
1020 1597 1176 1667 existimo
1191 1597 1283 1682 idge-

280 1721 346 1769 nus
361 1721 534 1769 venenum
548 1699 614 1768 illic
629 1698 708 1768 olim
723 1697 892 1767 exstitisse
900 1696 938 1767 ?''

364 1815 522 1900 “Aliquid
538 1815 713 1898 eiusmodi,
727 1815 905 1897 fortasse‚”
921 1815 1108 1885 assentitur
1128 1815 1284 1900 Hughes.

281 1916 417 1986 “Verba
431 1939 507 1986 mea
522 1918 630 1986 solum
647 1922 834 1999 spontanea
849 1915 1003 1996 fuerunt,
1027 1923 1142 1985 tamen
1157 1917 1286 1999 cogita·

282 2018 398 2131 tiones·
406 2017 594 2146 istiusmodi
609 2024 760 2086 mentem
783 2037 894 2085 meam
920 2016 1124 2098 percurrisse
1143 2039 1212 2086 non
1228 2040 1286 2088 ne·

282 2139 446 2201 gavenm.

367 2233 452 2304 “Aio
467 2235 574 2317 igitur
588 2255 770 2314 venenum,
787 2234 877 2316 quod
889 2233 1069 2303 Florentiae
1079 2234 1231 2318 quinque
1242 2257 1285 2304 ex

283 2335 336 2403 his
351 2336 482 2405 saeculis
496 2334 685 2415 exstiterat,
700 2334 799 2402 hodie
821 2334 875 2403 hic
890 2341 1034 2403 exstare.
1060 2335 1112 2403 En
1138 2335 1213 2405 eius
1234 2335 1284 2405 rei

282 2443 527 2518 argumentum
536 2435 565 2516 ;”
587 2442 623 2504 et
638 2433 789 2516 Godfrey
811 2434 958 2503 cadaver
981 2456 1086 2504 manu
1111 2435 1284 2505 indicavit

367 2569 511 2652 Hughes
540 2568 752 2652 protundum
782 2568 887 2638 traxit
916 2568 1075 2651 spiritum
1100 2591 1119 2639 e
1145 2576 1286 2653 stupore

284 2671 491 2753 horroreque
505 2669 672 2753 genitum.

367 2785 517 2857 “Vemm
532 2785 623 2869 quod
639 2791 828 2854 tartareum
842 2806 953 2867 genus
966 2785 1236 2855 instrumentum
1251 2786 1288 2856 il·

284 2887 343 2956 lud
358 2889 485 2957 vulnus
499 2887 615 2956 intulit
624 2886 660 2955 ?’'
676 2907 759 2954 voce
773 2886 848 2954 fere
863 2885 967 2968 petili,
983 2885 1165 2969 nervisque
1187 2908 1287 2969 paene

283 2987 584 3158 {ffldafflfflt
622 2985 837 3055 “Praesertim
864 2993 982 3055 autem
1007 2986 1163 3068 quisnam
1186 2987 1220 3056 id
1252 2987 1289 3057 li·

368 3205 430 3274 His
444 3204 543 3274 dictis
557 3204 863 3286 circumspectabat
877 3205 1036 3273 conclave
1052 3226 1091 3273 ac
1118 3204 1145 3272 si
1170 3206 1283 3288 explo-

285 3329 361 3375 rare
376 3327 473 3388 posse
489 3312 643 3387 speraret
656 3325 817 3387 magnam
832 3325 872 3373 ac
888 3311 1063 3386 potentem
1079 3325 1219 3374 manum
1241 3305 1285 3375 ad

286 3406 478 3476 feriendum
495 3406 653 3474 levatam.
675 3404 829 3473 Tandem
846 3412 996 3474 tremens
1011 3426 1047 3473 se
1061 3405 1261 3488 composuit

369 3539 589 3621 “Ignoscite''
605 3537 751 3621 denique
767 3539 872 3619 fatur,
883 3538 1042 3607 sudorem
1058 3561 1077 3607 e
1092 3539 1208 3608 fronte
1218 3561 1289 3609 ma·

285 3647 425 3709 nantem
440 3646 631 3721 extergens,
648 3637 826 3721 “equidem
841 3638 943 3708 rebus
953 3638 1142 3708 istiusmodi
1175 3660 1290 3709 assue-

289 3748 348 3811 tus
362 3762 430 3810 non
447 3761 541 3821 sum;
565 3738 647 3822 quin
663 3746 698 3808 et
713 3745 832 3808 metuo
854 3760 1035 3820 —revera
1058 3761 1113 3808 me
1133 3740 1291 3822 perterri-

286 3849 362 3912 tum
377 3841 516 3922 sentio,’'
532 3840 597 3910 leni
614 3839 694 3922 risu,
710 3861 777 3909 non
794 3841 893 3922 plane
908 3838 1016 3921 hilari,
1030 3839 1215 3909 subiunxit

369 3958 444 4028 “Ita
459 3965 494 4028 et
509 3958 604 4040 ego,”
620 3957 714 4027 addit
730 3956 900 4039 Godirey;
933 3955 1002 4025 “ita
1017 3963 1052 4026 et
1068 3956 1205 4036 [restem
1238 3956 1287 4027 ita

285 4058 429 4144 quisque
444 4058 540 4129 alius
563 4058 634 4128 Nec
651 4064 685 4128 te
704 4056 833 4141 pudeat
847 4057 1012 4140 oportet”
