3128 5016
278 739 342 811 276
544 757 755 812 ursramuu
770 750 1014 812 arcanoque

279 925 348 994 situ
363 932 481 995 tenere
494 926 588 1008 velis,
604 948 670 1009 ego
684 925 805 995 dentes
825 925 953 995 colubri
974 925 1105 996 interea
1129 926 1284 996 evellam

281 1026 423 1095 Nullum
438 1048 577 1108 prorsus
592 1047 733 1096 vereare
748 1026 968 1109 periculum‚”
983 1026 1161 1096 subiunxit
1174 1048 1285 1110 quum

280 1125 570 1196 animadverteret
585 1125 777 1196 Simmonds
789 1125 866 1195 nisu
882 1125 1031 1209 quodam
1050 1126 1200 1197 naturali
1223 1125 1287 1197 du·

282 1225 400 1295 bitare.

365 1325 419 1396 Sic
433 1326 557 1396 certior
572 1327 688 1396 factus
701 1324 893 1396 Simmonds
907 1326 1063 1396 ansulam
1084 1325 1189 1396 foruli
1212 1346 1289 1409 pre·

283 1425 412 1508 hendit‚
427 1447 471 1496 ne
487 1448 547 1509 per
562 1448 597 1496 se
612 1426 828 1495 clauderetur
838 1426 1016 1507 continuit,
1026 1425 1158 1495 interea
1167 1432 1288 1495 autem

284 1525 436 1595 Francus
451 1549 469 1595 e
485 1526 619 1595 sacculo
634 1548 696 1595 suo
711 1525 860 1608 phialam
870 1525 1100 1609 crystallinam
1114 1525 1288 1608 produxit

369 1625 508 1695 “Paullo
523 1626 749 1709 plusculum‚”
770 1626 818 1694 ait
843 1626 916 1706 ille;
938 1648 976 1695 ac
1002 1623 1195 1695 Simmonds
1217 1646 1289 1695 non

284 1725 357 1795 sine
382 1727 501 1796 maiori
524 1727 601 1795 nisu
627 1726 782 1794 forulum
805 1726 848 1794 ad
875 1725 1137 1808 plentitudinem
1152 1725 1290 1809 evulsit,

286 1846 395 1908 quum
411 1848 430 1896 e
444 1826 554 1895 fundo
568 1847 657 1895 arcae
670 1826 804 1895 minuta
829 1825 950 1895 taleola
974 1824 1150 1908 chalybeia
1173 1824 1291 1895 biderr-

285 1931 360 1995 tata
375 1948 447 1996 sese
463 1948 600 1995 sursum
616 1925 747 2008 pressit.
770 1924 877 1995 “Ecce
888 1925 1039 2006 dentes,”
1053 1924 1103 1994 ait
1116 1924 1223 1995 herus
1237 1924 1291 1995 Pi·

286 2034 357 2108 got.
380 2027 555 2095 Orificium
579 2025 702 2108 phialae
728 2026 878 2108 primum
893 2025 964 2108 uni,
989 2032 1066 2095 tum
1088 2024 1186 2094 alteri
1210 2046 1291 2109 sup·

287 2127 401 2208 posuit
416 2127 574 2196 manibus
588 2148 677 2209 pone
691 2148 731 2195 ac
746 2148 850 2209 supra
869 2129 997 2214 magna
1021 2124 1155 2195 cautela
1178 2124 1291 2195 illatis

287 2225 489 2297 “Venenum
518 2227 553 2295 in
583 2228 655 2296 loco
682 2226 875 2295 adhaesione
901 2225 1051 2308 capillari
1076 2224 1291 2306 continetur;

287 2327 346 2397 sed
375 2327 466 2409 inde,
495 2327 645 2395 immisso
670 2348 749 2395 aere
772 2348 793 2396 a
814 2333 923 2409 tergo,
948 2325 983 2395 id
996 2324 1132 2409 exigam
1147 2360 1189 2371 -
1203 2346 1292 2409 ecce,

287 2427 415 2497 cernite
426 2427 454 2495 !”

371 2526 414 2597 Se
429 2527 508 2596 inde
523 2535 636 2596 erecto
651 2527 845 2609 lagenulam
860 2525 927 2596 luci
952 2524 1111 2595 advertit
1142 2524 1198 2596 Ad
1222 2546 1293 2596 me·

288 2627 451 2697 dietatem
466 2634 540 2696 erat
556 2649 596 2696 ea
611 2627 711 2710 plena
726 2626 887 2709 lymphae¹
902 2626 1026 2696 rubrae.

373 2727 482 2798 “Satis
496 2727 540 2797 ad
556 2727 789 2796 decimandam
801 2726 1010 2808 Franciam,”
1022 2725 1080 2807 ait,
1089 2724 1294 2809 subereque¹

289 2835 383 2897 arcte
408 2827 545 2910 intorto,
572 2827 720 2909 phialam
737 2827 772 2895 in
799 2827 972 2896 sacculum
995 2824 1195 2895 recondidit
1217 2823 1295 2897 “Di-

289 2927 387 2996 mitte
402 2949 494 2997 nunc
509 2928 672 3008 forulum,
688 2926 734 2995 mi
750 2926 850 3007 Here,
865 2926 892 2995 si
908 2925 1048 3008 placet,”
1062 2925 1197 2997 monuit
1210 2923 1295 2997 Sim·

291 3027 421 3096 monds.

374 3128 504 3196 Ansula
528 3129 680 3196 relaxata
702 3126 883 3196 confestim
898 3127 933 3196 in
948 3126 1061 3196 locum
1075 3125 1235 3209 recurrit,
1255 3132 1292 3197 et

292 3227 454 3309 clangens
469 3250 505 3296 se
521 3227 706 3309 replicavit.

375 3326 668 3396 “Animadvertite
683 3334 848 3407 argutum
868 3326 986 3409 opus,”
1001 3326 1051 3395 ait
1065 3324 1171 3396 herus
1184 3325 1296 3410 Pigot.

290 3426 446 3497 “Revera
462 3449 628 3510 perquam
644 3427 769 3496 scitum
783 3435 845 3496 est.
868 3428 1028 3510 Namque
1041 3425 1211 3509 siquando
1223 3446 1296 3497 ma·

390 3632 413 3681 2.
432 3627 577 3696 Lympha,
599 3644 646 3681 ·ae:
659 3630 730 3681 idem
743 3629 814 3696 quod
839 3626 926 3690 latex,
942 3628 1001 3680 aive
1013 3640 1095 3691 aqua.
1107 3625 1255 3691 liquidum.
1267 3626 1300 3681 li·

291 3728 368 3777 quor,
382 3713 466 3766 etiam
479 3719 629 3778 poetarum,
641 3713 687 3765 sed
701 3721 774 3765 recte
785 3712 937 3771 adhibetur.
949 3711 1022 3777 quod
1035 3716 1064 3763 et
1075 3709 1138 3763 aliia
1148 3710 1249 3765 {omis
1259 3725 1301 3768 ι

290 3799 328 3850 tis
341 3798 473 3860 frequens
486 3803 536 3857 est,
550 3796 591 3848 uti
605 3794 770 3863 lymphare,
785 3793 996 3862 lymphaticus,
1012 3793 1137 3855 eerrltus.
1149 3792 1300 3855 tmticus.

292 3881 420 3942 furiosus,
434 3887 527 3933 mente
539 3886 643 3946 captus.

392 3966 417 4017 2.
430 3962 533 4025 Sudor,
550 3962 599 4025 da,
616 3980 651 4024 n..
665 3970 707 4017 est
718 3979 805 4030 genua
816 3964 941 4029 quercus,
954 3978 970 4014 e
982 3962 1060 4016 cuius
1072 3960 1177 4018 cortice
1192 3960 1302 4017 obtun-

292 4049 354 4103 cula
366 4048 445 4109 fiunt,
458 4048 492 4101 ad
504 4046 609 4102 orificio
621 4048 781 4117 lagenarum
794 4045 970 4101 occludenda.
