3128 5016
779 1717 929 1787 CAPUT
951 1717 998 1786 IX

606 1889 870 1958 Hariolotiones
883 1887 979 1954 circo
993 1887 1174 1968 AEnipmo.

472 2055 687 2124 Anssvufflo
710 2077 846 2124 sursum
863 2074 1001 2123 versum
1016 2052 1098 2121 mihi
1112 2051 1252 2135 profuit.
1268 2050 1391 2120 Pluvia

389 2153 457 2222 iarn
473 2157 628 2235 cessavit,
645 2164 748 2238 atque
770 2177 854 2224 aura
869 2155 917 2223 ita
932 2176 1051 2223 sensus
1072 2152 1239 2221 afficiebat
1265 2151 1332 2220 acsi
1355 2151 1389 2219 in

388 2263 558 2323 recentem
573 2278 728 2338 saporem
736 2277 932 2339 purumque
944 2254 1081 2322 odorem
1094 2253 1216 2322 fuisset
1227 2252 1388 2321 elutrita„¹

388 2355 531 2437 Magnos
552 2357 626 2425 eius
652 2356 796 2425 haustus
811 2355 984 2437 respiravi,
1010 2354 1101 2422 unde
1123 2373 1243 2421 sensus
1265 2352 1390 2433 fatigii,

387 2477 565 2537 pressurae,
588 2457 781 2540 viriumque
804 2457 944 2524 iacturae
970 2453 1178 2537 pedetentim
1206 2452 1391 2535 dissipatus

386 2563 448 2624 est.
471 2557 563 2624 Nihil
579 2557 757 2639 properavi
774 2592 815 2600 -
839 2557 920 2639 quin
945 2555 1048 2624 etiam
1071 2553 1112 2622 de
1134 2553 1254 2621 itinere
1277 2552 1389 2621 mein

386 2657 580 2738 Compitum
596 2657 748 2726 Madison
770 2658 904 2738 diverti,
919 2664 954 2726 et
970 2657 1004 2724 in
1020 2656 1144 2725 molem
1167 2653 1301 2723 aedilicii
1318 2655 1391 2724 Lae·

387 2758 548 2838 vigatorii
572 2757 680 2825 Ferri²
703 2759 847 2840 respexi,
870 2757 961 2841 quod
985 2757 1089 2825 radiis
1111 2755 1203 2823 lunae
1217 2754 1390 2825 collustra-

386 2864 460 2925 tum
478 2859 624 2939 speciem
639 2857 752 2926 eboris
767 2859 844 2926 caesi
862 2857 1033 2927 referebat
1049 2857 1199 2926 albicans
1217 2866 1253 2926 et
1262 2879 1389 2939 purum

386 2993 426 3000 —
441 2965 546 3039 atque
561 2958 671 3027 media
685 2980 752 3027 nox
764 2960 832 3027 iarn
847 2959 979 3040 pridem
995 2959 1186 3039 praeterivit
1200 2979 1308 3040 quum
1323 2980 1389 3040 ego

385 3056 428 3125 ad
444 3058 678 3127 Marathonem
696 3061 848 3141 perveni.
871 3058 1021 3141 Higgins
1035 3059 1196 3127 ostiarius
1220 3059 1288 3127 iarn
1310 3060 1391 3126 osti-

386 3180 445 3226 um
467 3160 619 3227 exterius
640 3181 715 3227 sera
738 3158 915 3228 occludere
940 3158 1092 3241 parabat,
1116 3180 1155 3227 ac
1178 3165 1254 3240 post
1279 3180 1390 3240 pauca

385 3261 519 3327 minuta
534 3281 588 3328 me
603 3260 637 3328 in
655 3260 823 3328 tollenone
838 3261 1010 3328 convenit.

488 3447 510 3494 1.
532 3444 643 3496 Lauina

484 3531 508 3579 2.
526 3526 655 3579 Ferrum
668 3526 884 3592 lampatorium
896 3543 1026 3579 vocamus
1051 3527 1220 3593 triquetram.
1241 3526 1285 3578 rel
1306 3527 1390 3578 trian-

385 3611 478 3676 gulum
493 3612 611 3663 terreum
623 3611 746 3669 solidum,
760 3627 813 3677 quo
828 3611 938 3662 lotrices
959 3627 991 3662 ac
1013 3611 1163 3675 vestiplicae
1188 3611 1275 3662 lineus
1299 3617 1389 3662 vestes

385 3695 480 3753 elotae,
494 3695 585 3759 amylo
597 3695 706 3755 tinctas,
721 3710 868 3760 parumque
882 3711 959 3760 aqua,
975 3711 1008 3745 nc
1019 3694 1101 3745 nimis
1113 3694 1209 3758 rigida
1219 3700 1317 3752 essent.
1327 3711 1389 3746 con·

385 3794 497 3843 spcrsas,
511 3779 545 3829 ad
558 3779 733 3830 ustulandum
748 3778 843 3836 calido.
858 3779 972 3843 planant
985 3794 1016 3829 ac
1031 3775 1176 3842 laun'punt.
1192 3778 1240 3828 Est
1253 3777 1310 3828 Neo
1323 3777 1390 3829 ubo

385 3863 440 3914 ruci
459 3863 487 3914 in
506 3863 632 3927 compito,
651 3863 696 3914 ubi
711 3863 761 3914 Via
774 3862 868 3914 Tertia
882 3869 910 3914 et
924 3862 1062 3926 vigesima
1075 3861 1196 3913 Plateam
1211 3861 1341 3923 Quintam
1360 3868 1389 3912 et

384 3946 554 3998 Latamviam
567 3947 766 4004 intersecatur
781 3961 828 4011 per
846 3946 943 4005 iocum,
956 3946 990 3997 ob
1003 3961 1101 4010 vagam
1119 3945 1336 4004 similitudinem.
1355 3961 1388 3997 eo

385 4030 495 4083 nomine
509 4030 653 4082 vocitatur.
