3150 5468
356 1231 420 1300 224
624 1246 827 1300 ursmruuu
845 1245 949 1301 Arca
972 1239 1090 1300 roms

441 1413 604 1483 “Nullum
620 1414 780 1495 dubium;
804 1436 842 1483 ac
859 1415 1013 1496 profecto
1037 1414 1092 1484 illa
1116 1413 1181 1483 alia
1206 1436 1285 1484 arca
1306 1422 1359 1484 est

356 1536 459 1596 quam
477 1515 624 1583 Vantine
639 1523 777 1583 emerat.
801 1515 861 1583 Illa
884 1515 1004 1597 utique
1027 1514 1070 1583 ad
1095 1514 1234 1584 titulum
1260 1514 1360 1584 istius

356 1615 534 1683 nebulonis
559 1621 633 1683 erat
658 1615 878 1697 consignata,l
901 1616 976 1684 Neo
997 1614 1148 1684 Eboraci.
1172 1613 1358 1685 Consilium

356 1715 429 1783 eius
445 1715 598 1796 profecto
614 1714 694 1783 satis
709 1716 839 1783 clarum
855 1722 907 1784 est
924 1751 957 1758 -
977 1715 1069 1783 adire
1096 1714 1243 1784 Vantine
1272 1722 1358 1783 tam-

356 1836 459 1896 quam
474 1816 632 1883 consortii
650 1814 802 1883 Armand
819 1815 910 1884 vices
925 1836 1041 1897 agens,
1057 1822 1118 1884 aut
1132 1835 1213 1884 vero
1235 1821 1276 1885 ut
1299 1815 1358 1885 do

355 1914 469 1983 minus
490 1936 577 1983 arcae
594 1915 805 1997 Montespan,
824 1937 948 1996 easque
964 1922 1128 1983 emutare.
1161 1914 1253 1984 Mors
1267 1914 1359 1983 Van·

355 2014 425 2082 tine
441 2014 577 2082 consilia
592 2015 664 2082 eius
678 2015 868 2095 frustravit,
885 2014 1024 2097 proinde
1039 2014 1072 2082 id
1089 2021 1203 2083 tecum
1228 2013 1358 2095 perfici·

355 2114 481 2183 endum
497 2121 581 2182 erat.
595 2114 683 2196 Quin
700 2114 803 2183 etiam
818 2122 893 2182 tum
908 2114 1008 2182 facilo
1023 2114 1056 2182 id
1073 2114 1261 2183 effecturus
1272 2122 1357 2195 erat,

355 2214 418 2282 nisi
442 2235 533 2282 mors
559 2213 706 2282 Vantine
731 2222 834 2295 atque
865 2214 996 2282 Drouet
1026 2213 1176 2282 incidens
1200 2220 1357 2282 nostrum

354 2315 507 2382 animum
521 2314 564 2382 ad
581 2336 693 2382 arcam
709 2315 884 2394 vertisset;
906 2335 969 2383 nos
994 2313 1101 2383 secuti
1125 2334 1244 2383 sumus
1265 2335 1356 2395 eum,

353 2422 457 2496 atque
473 2421 597 2482 eventa
612 2415 874 2496 postmeridiana
888 2413 1109 2482 inciderunt.”

438 2513 503 2582 “Et
519 2514 591 2582 haec
608 2514 720 2582 omnia
737 2537 797 2596 per
812 2515 992 2583 satellitem
1018 2535 1131 2594 suum,
1157 2513 1357 2583 conductiti-

354 2635 413 2682 um
438 2614 620 2695 quemdam
648 2615 805 2682 consortii
833 2613 984 2682 Arrnand
1008 2621 1047 2682 tu
1072 2614 1246 2683 existimas
1274 2635 1355 2683 eum

353 2714 534 2795 perfecisse
544 2713 580 2782 ?‘’

437 2813 541 2896 “Quis
556 2814 618 2882 hoc
636 2814 785 2882 dubitet?
808 2815 978 2893 Diribitor,
995 2814 1053 2895 qui
1080 2814 1275 2896 putativum
1299 2837 1357 2885 ve·

353 2919 449 2982 num²
465 2914 546 2982 hero
563 2914 711 2982 Vantine
727 2915 898 2995 effecerat,
915 2913 1181 2983 mercedonium³
1196 2914 1240 2983 ob
1254 2914 1288 2984 id
1303 2937 1358 2985 ac·

453 3117 474 3166 1.
495 3113 663 3179 Consiynw
679 3113 728 3174 -vr',
747 3117 831 3170 trem,
848 3114 936 3178 signo,
954 3114 1053 3179 sigillo,
1075 3114 1175 3166 litteris
1186 3114 1297 3181 aliquid,
1311 3131 1355 3166 cu·

352 3198 394 3248 ius
407 3197 432 3247 id
447 3198 490 3254 sit,
505 3198 655 3257 declarure;
674 3198 774 3248 litteris
788 3198 924 3256 mandare,
939 3197 1110 3261 perscribere.
1140 3197 1228 3258 Quum
1247 3198 1354 3257 titulus,

352 3280 410 3331 sive
425 3281 634 3344 insignaculum,
649 3282 732 3338 cistae,
747 3281 894 3344 manipulo,
913 3280 1078 3339 inscribitur,
1104 3281 1181 3332 cuius
1202 3281 1228 3332 id
1243 3281 1287 3340 sit,
1299 3297 1353 3346 quo

351 3363 415 3428 quid
429 3364 600 3422 mittendum,
616 3364 783 3421 tradendum,
809 3364 997 3415 devehendum
1023 3364 1066 3423 sit,
1094 3362 1267 3428 consignare
1289 3365 1355 3416 dici·

351 3462 419 3497 mus.

451 3533 473 3581 2.
493 3528 652 3580 Putativus
666 3544 766 3588 venua,
784 3529 841 3586 -rta,
860 3536 901 3581 est
913 3530 1036 3581 venditio
1044 3530 1082 3580 rei
1094 3529 1165 3587 ficta,
1175 3529 1247 3582 falsa
1256 3546 1289 3582 ex
1295 3546 1353 3596 par-

350 3618 377 3664 te
387 3613 545 3672 venditoris,
554 3619 601 3664 aut
611 3613 753 3670 institoris,
767 3629 848 3677 quum
862 3613 964 3677 aliquid
972 3613 1036 3664 falsi
1049 3613 1077 3663 in
1088 3613 1176 3664 locum
1191 3614 1248 3664 veri
1262 3614 1352 3666 sutor·

350 3702 398 3747 nat
412 3713 442 3746 ac
458 3698 558 3754 vendit,
573 3697 638 3761 quin
665 3697 722 3747 sive
746 3703 888 3754 mercator,
913 3697 938 3746 h.
958 3712 989 3754 e„
1011 3696 1137 3747 dominus
1151 3696 1278 3756 tabernae,
1292 3696 1351 3749 sive

348 3779 505 3838 fabricator,
530 3780 587 3831 sive
612 3795 676 3830 vero
702 3787 806 3843 emptor
832 3779 958 3830 conscius
980 3780 1019 3830 rei
1045 3781 1096 3830 sit:
1114 3783 1223 3844 putant
1235 3780 1309 3831 enim
1322 3787 1350 3831 et

348 3878 464 3914 mercem
480 3879 570 3914 veram
584 3879 649 3922 esse,
664 3869 691 3913 et
706 3876 804 3913 venum
818 3863 875 3913 sive
893 3863 1080 3914 venditionem
1097 3877 1255 3926 germanam
1267 3869 1295 3914 et
1307 3879 1352 3928 ge·

348 3946 460 3996 nulnum
475 3947 577 3997 factam
593 3963 658 3997 esse.

448 4032 471 4080 3.
490 4028 719 4089 Mercede‘mium,
735 4028 777 4090 -t'r',
795 4030 956 4081 vocabulum
971 4029 1150 4094 compositum
1172 4044 1204 4080 ex
1224 4043 1351 4081 mercem

347 4120 373 4164 et
388 4111 469 4171 dare,
487 4114 545 4163 sive
557 4111 678 4172 doncro,
698 4113 836 4177 significat
848 4119 939 4164 autern
954 4113 1117 4164 solutionem
1131 4111 1269 4170 mercedis,
1282 4112 1348 4164 item

346 4196 416 4248 diem
432 4197 575 4247 solutionis
589 4197 726 4255 mercedis,
741 4197 864 4262 denique,
879 4198 961 4247 etlam
976 4196 1124 4248 mercedem
1150 4211 1230 4262 quam
1257 4194 1350 4248 inter·

345 4279 462 4330 nuntiis
476 4280 578 4330 damus.
598 4279 805 4330 internuntius
819 4288 917 4336 autem,
941 4281 1012 4330 inter
1026 4280 1087 4338 alia,
1106 4279 1245 4331 hominem
1267 4280 1350 4340 signi-

346 4364 410 4414 ficat
435 4364 480 4427 qui
508 4364 578 4413 inter
606 4364 775 4414 venditorem
790 4370 871 4426 utque
883 4368 1031 4426 emptorem
1059 4363 1218 4422 intercedit;
1237 4363 1260 4414 is
1273 4363 1349 4415 enirn

346 4463 399 4497 non
415 4462 518 4510 semper
531 4447 653 4497 mercede
666 4447 833 4503 conducitur,
858 4447 902 4496 sed
927 4445 1032 4509 proprio
1052 4445 1163 4497 nomine
1185 4446 1282 4510 quaerit
1294 4462 1343 4498 em·

344 4536 436 4596 ptores
451 4536 477 4580 et
492 4531 660 4588 adventores,
675 4537 702 4581 et
716 4530 765 4581 hoc
781 4537 886 4595 quaestu
900 4525 1114 4580 merccdoniurrr
1131 4536 1224 4581 meret.
