3150 5468
369 1202 431 1274 174
627 1219 840 1273 ursmaruu
862 1218 970 1271 anon
992 1211 1109 1272 nouis

449 1383 526 1452 Non
552 1383 750 1466 ignorabam
777 1383 858 1465 quid
867 1390 940 1451 erat
950 1382 1113 1464 dicturus,
1125 1383 1183 1452 sed
1193 1383 1235 1452 ad
1245 1383 1365 1453 iuvan-

366 1484 449 1552 dum
465 1506 545 1553 eum
560 1484 641 1551 nihil
657 1483 814 1565 expedire
830 1483 1029 1551 existimavi.

450 1583 574 1652 “Recte
597 1584 742 1652 fortasse
766 1582 880 1651 divino
910 1590 1153 1652 testamentum
1183 1606 1263 1652 eum
1293 1584 1367 1653 reli·

366 1683 523 1766 quisse?”
539 1684 662 1765 quaerit
677 1683 825 1752 tandem.

450 1783 637 1852 “Divinasti
661 1783 765 1863 bene;
787 1784 854 1852 iam
880 1783 982 1851 etiam
1007 1784 1049 1852 ad
1065 1783 1153 1852 idem
1178 1783 1231 1852 die
1258 1783 1367 1852 Lunae

367 1883 580 1967 probandum
596 1905 674 1966 quae
689 1883 766 1953 usui
789 1884 866 1964 sint,
891 1883 1139 1966 apparavimus.
1162 1882 1195 1952 si
1222 1890 1297 1952 tum
1318 1884 1367 1952 in·

367 1984 493 2067 spicere
508 1984 665 2065 volueris,
681 1984 823 2052 licebit.’'

451 2082 570 2152 “Tune
586 2083 652 2152 iam
668 2083 702 2152 id
717 2084 890 2165 inspexisti
902 2084 939 2152 ?'’

453 2183 582 2266 “Leges
597 2184 670 2253 eius
684 2183 766 2251 mihi
782 2183 964 2252 notissimae
979 2191 1069 2252 sunt.
1093 2183 1154 2253 Hic
1176 2183 1210 2251 in
1235 2182 1368 2253 officina

368 2285 437 2354 fuit
452 2284 576 2365 scripto
591 2284 823 2352 mandatum.”

450 2384 619 2466 Mystaces
633 2405 713 2452 suas
728 2406 870 2452 nervose
886 2384 1045 2453 tortabat.

451 2482 640 2552 “Patruelis
655 2483 830 2565 Philippus
850 2505 1013 2566 perquam
1029 2483 1097 2552 fuit
1112 2484 1304 2565 opulentus,
1326 2491 1367 2553 ut

367 2583 539 2666 proditum
555 2583 700 2664 audivi,”
716 2583 818 2665 coepit
833 2582 969 2651 ambire.

452 2682 728 2763 “Quodammodo
752 2683 943 2765 opulentus.
965 2682 1080 2752 Sortes
1102 2683 1368 2765 securitatesque

368 2783 443 2852 eius
457 2783 571 2851 valore
586 2805 690 2852 unam
705 2782 887 2850 millionem
908 2805 987 2851 cum
1010 2782 1199 2864 quadrente
1222 2783 1368 2865 attinge-

369 2883 463 2964 bant,
479 2889 603 2964 praeter
620 2882 777 2964 quaedam
792 2881 974 2950 immobilia
989 2917 1029 2925 -
1054 2889 1099 2963 et,
1115 2881 1244 2963 utique,
1268 2881 1368 2963 aedes,

369 3004 455 3066 quas
470 2981 645 3050 incolebat.
668 2983 810 3063 Insuper
831 3003 993 3064 magnum
1019 2987 1221 3064 apparatum
1245 2981 1369 3063 produ-

369 3090 504 3152 ctorum
518 3081 656 3151 artis-
672 3081 867 3150 tabularum
889 3081 1066 3163 pictarum,
1082 3081 1296 3163 supellectilis
1310 3081 1368 3150 do-

369 3182 528 3263 mesticae,
552 3189 755 3264 tapetarum‚
786 3187 1056 3263 caeterarumque
1086 3203 1201 3250 rerum
1224 3181 1370 3263 idgenus

370 3283 497 3351 circum
512 3304 548 3351 se
563 3288 762 3364 congestum
778 3280 941 3362 habebat;
964 3303 1041 3363 quae
1062 3281 1175 3350 omnia
1200 3289 1369 3364 quantum

370 3382 517 3464 valeant,
532 3382 677 3451 fortasse
691 3403 869 3463 nunquam
885 3381 1077 3450 rescietur.’'

455 3480 586 3550 “Eccur
601 3503 668 3549 non
679 3481 715 3550 ?’'
731 3481 854 3562 quaerit
869 3481 934 3549 ille.

455 3579 642 3663 “Quoniam
658 3580 827 3649 haeredem
843 3580 994 3649 omnium
1010 3601 1124 3649 rerum
1137 3580 1294 3649 Museum
1306 3581 1368 3649 Ar-

370 3681 458 3751 tium
474 3680 772 3762 Metropolitanum
787 3679 971 3749 constituit.
1003 3680 1236 3762 Praeterquam
1260 3702 1369 3762 pauca

295 3762 306 3786 '
370 3781 484 3864 legata
499 3781 568 3849 suis
589 3780 759 3848 veteranis
782 3779 920 3848 famulis
943 3779 1120 3862 adscripta,
1143 3787 1267 3849 cuncta
1290 3801 1369 3862 quae

371 3904 434 3950 sua
448 3888 545 3949 erant
561 3881 669 3949 eidem
685 3880 846 3948 Instituto
868 3879 1033 3961 reliquit.'’

456 3981 610 4049 Fortasse
626 3980 715 4048 iusto
731 3979 849 4048 rudius
864 3979 937 4048 haec
962 3978 1121 4048 oboculos
1135 3979 1165 4048 ei
1181 3979 1287 4062 posui,
1309 3979 1368 4049 sed

372 4080 559 4150 intervisui¹
576 4080 678 4148 finem
694 4079 807 4148 facere
822 4079 937 4149 statui.

472 4300 495 4348 1.
518 4295 691 4356 intervisas,
708 4295 765 4357 -ris,
782 4302 812 4347 ut
825 4311 923 4346 nomen
946 4296 1147 4348 substantivum
1170 4295 1299 4348 Romanis
1316 4297 1369 4347 for-

369 4372 441 4418 tasse
454 4381 508 4415 non
521 4365 660 4422 usitatum.
675 4364 771 4414 saltem
784 4363 926 4414 ostendere
949 4379 982 4413 ne
1002 4379 1060 4422 ueo;
1081 4363 1193 4414 verbum
1214 4369 1305 4415 tamen
1320 4361 1366 4414 in·

370 4431 506 4491 tarvisa}
525 4430 573 4492 -si,
591 4445 669 4480 -sum
682 4431 749 4481 satis
761 4431 889 4495 frequens
901 4436 929 4481 et
943 4430 971 4480 in
983 4380 1089 4489 ilauto.
1103 4431 1172 4481 etin
1188 4431 1318 4482 Cicerone
1339 4446 1371 4481 ac

368 4499 507 4560 Suetonio,
519 4513 600 4550 seusu
614 4513 630 4550 a
642 4504 735 4549 nostro
747 4513 841 4562 parum
853 4497 968 4557 diverso,
978 4513 1074 4563 nempe
1086 4497 1204 4564 aliquem
1218 4497 1373 4551 clanculum
