3128 5016
557 790 670 842 rmus
692 790 888 843 salomon
1181 779 1220 846 13

304 957 451 1038 “Ecquis
465 958 529 1026 iste
541 966 592 1027 est
602 958 639 1027 ?’'
651 958 775 1041 quaerit
791 958 895 1026 herus
905 957 1059 1027 acriter.“
1076 959 1124 1028 Ut
1139 960 1220 1042 quid

219 1057 467 1128 mmm?

303 1157 412 1226 “Hem
428 1193 467 1202 -
484 1157 595 1239 hem,''
611 1180 702 1241 aegre
717 1157 865 1227 balbutit
879 1158 997 1241 Parks,
1009 1159 1083 1228 “ille
1094 1160 1158 1229 iste
1169 1168 1222 1230 est

218 1259 277 1342 qui
291 1259 345 1327 hic
364 1267 398 1327 ct
414 1258 684 1340 praestolabatur,
700 1259 745 1327 mi
761 1257 883 1326 Here.'’

301 1374 426 1443 “Aisne
441 1382 480 1443 tu
497 1397 576 1443 eum
591 1374 654 1444 hac
679 1375 714 1442 in
741 1375 841 1443 domo
855 1397 981 1445 caesurn
997 1376 1147 1445 fuisse?'’
1172 1377 1221 1447 in-

219 1484 287 1546 stat
302 1474 458 1544 Vantine.

301 1591 421 1661 “Certe
437 1591 507 1674 ipse
536 1591 638 1659 vivus
651 1591 803 1672 intravit,
820 1591 910 1660 Here
937 1592 1014 1671 mi‚”
1041 1594 1222 1675 respondet

218 1691 325 1761 Parks
340 1691 448 1773 magis
463 1691 593 1759 interea
608 1691 651 1759 ad
665 1712 700 1759 se
716 1713 883 1759 reversus.
896 1690 1005 1761 “Fieri
1017 1701 1129 1774 potest
1140 1716 1220 1764 eum

218 1791 300 1860 nihil
325 1791 389 1860 nisi
411 1790 565 1872 quietum
582 1790 779 1873 quaesivisse
804 1792 915 1859 locum
930 1791 988 1860 ubi
1005 1813 1040 1861 se
1055 1793 1220 1875 perimere

218 1899 339 1975 posset.
362 1890 485 1959 Animo
501 1890 715 1972 aliquantum
733 1891 864 1959 excitus
878 1890 979 1959 fuit.”

301 2007 409 2077 “Sane
424 2007 610 2090 profect0‚”
626 2007 746 2089 probat
762 2007 910 2075 Vantine
925 2029 1004 2076 cum
1020 2009 1162 2092 suspirio
1178 2032 1221 2080 ex

228 2108 459 2188 allevatione‚”
474 2107 565 2176 iusta
579 2106 717 2176 videtur
730 2107 917 2189 explicatio.
943 2107 1073 2176 Tamen
1088 2109 1220 2179 utinam

217 2209 321 2278 alium
336 2209 448 2277 locum
463 2207 526 2276 sibi
541 2207 707 2288 elegisset.
745 2205 919 2287 Existimo,
943 2206 989 2275 mi
1014 2207 1143 2289 Lester,
1159 2231 1221 2278 nos

217 2308 389 2378 decuriam
405 2307 580 2376 lictoriam¹
596 2307 764 2389 appellare
780 2307 968 2388 oportere.''

301 2423 375 2494 “Sic
391 2431 426 2492 et
440 2445 505 2506 ego
520 2424 635 2506 puto‚'’
651 2423 800 2505 inquam,
813 2421 932 2506 “aeque
943 2445 982 2492 ac
994 2426 1219 2495 mortuarium

217 2525 460 2608 inquisitorem.
477 2523 590 2593 Satius
603 2523 749 2591 fortasse
760 2523 825 2591 erit
837 2530 877 2591 ut
892 2523 965 2592 haec
976 2545 1081 2605 penes
1094 2546 1149 2594 me
1160 2526 1220 2594 lin·

219 2647 312 2707 quas.
329 2624 496 2693 Conclave
510 2623 572 2692 hoc
589 2622 830 2703 obserabimus‚
844 2644 907 2691 nec
923 2623 1023 2692 domo
1038 2624 1219 2707 quisquam

218 2746 327 2807 usque
341 2746 382 2792 eo
398 2724 480 2792 dum
496 2723 629 2792 lictores
644 2721 828 2791 adveniant
844 2723 1016 2791 excedet.”

301 2839 459 2909 “Dictum
475 2839 594 2920 bene,'’
618 2839 768 2907 multum
784 2838 983 2908 sublevatus
998 2839 1046 2908 ait
1061 2839 1218 2910 Vantine.

218 2940 334 3009 “Dabo
362 2941 520 3022 operam’'
547 2939 595 3008 ait
611 2939 678 3008 cito
693 2939 879 3021 discedens,
895 2939 977 3008 dum
993 2961 1059 3022 ego
1073 2940 1116 3009 ad
1141 2942 1220 3010 tele-

218 3041 370 3124 phonum
395 3040 528 3120 accessi,
554 3039 763 3121 evocavique
787 3039 960 3108 decuriam
985 3039 1159 3122 lictoriam,
1185 3048 1219 3109 et

217 3141 298 3224 quid
315 3139 499 3221 accidisset,
514 3139 642 3209 edocui.

301 3254 441 3325 Minutis
466 3255 594 3324 vicenis
615 3264 691 3338 post
716 3255 982 3325 tintinnabulum
1006 3256 1083 3324 ostii
1108 3278 1220 3338 perso

216 3357 302 3426 nuit.
339 3356 446 3424 Parks
460 3355 585 3424 ostium
601 3355 746 3437 aperuit,
773 3363 808 3424 et
831 3363 980 3438 quatuor
1004 3356 1095 3425 viros
1118 3355 1220 3425 intro

216 3456 317 3525 misit.

301 3572 425 3653 “Heus
441 3595 557 3641 eccum
572 3581 619 3653 te,
646 3572 691 3640 mi
718 3571 940 3652 Simmonds‚”
966 3572 1115 3654 inquam,
1139 3594 1219 3641 eum

215 3673 345 3743 affatus
366 3673 423 3755 qui
439 3673 569 3755 primus
590 3672 763 3754 ingressus
777 3679 838 3753 est,
854 3679 975 3754 utpote
996 3694 1100 3754 quern
1123 3673 1219 3741 velut

320 3912 342 3960 1.
365 3906 495 3958 Deourw
513 3915 554 3958 est
569 3908 644 3959 locus
657 3914 684 3959 et
697 3907 814 3967 officina,
832 3907 878 3957 ubi
891 3903 1021 3965 decurio,
1048 3905 1107 3956 sive
1125 3905 1220 3969 profe

215 3993 422 4051 ctuslictorum,
438 3991 578 4056 negotium
594 3991 749 4042 securitatis
761 3990 862 4042 civium
876 3988 1060 4041 administrat.
1085 3987 1218 4040 historeo

216 4083 280 4129 sunt
298 4077 371 4130 servi
386 4076 497 4140 publici,
510 4075 636 4127 custodes
647 4075 721 4140 pacis
733 4074 858 4139 publica.
