3128 5016
581 806 888 863 emmerammum
1177 795 1237 865 113

235 977 407 1046 fenestras
420 975 530 1045 cernis
544 975 770 1045 obtabulatas.
802 977 891 1046 Arca
907 976 941 1046 in
956 976 1111 1047 cubiculo
1130 999 1238 1061 angu-

236 1077 297 1147 lari
312 1084 419 1146 est-
435 1077 483 1146 cis
498 1098 568 1145 una
582 1084 635 1145 est
649 1077 811 1158 fenestra,
825 1077 911 1146 citra
926 1084 1007 1146 sunt
1022 1077 1131 1146 duae.’'

323 1175 512 1259 “Exspecta
526 1176 626 1245 modo
640 1177 724 1245 dum
739 1177 931 1246 accuratius
941 1177 1172 1260 perspiciam,”
1183 1202 1237 1249 me

236 1283 363 1358 monet,
378 1276 567 1358 humilique
589 1276 777 1359 sepimenta
800 1283 969 1359 superato,
994 1278 1093 1346 celeri
1117 1301 1236 1361 gressu

237 1376 425 1461 praeterivit
441 1376 566 1445 aedium
580 1377 731 1445 frontem
745 1383 781 1445 et
796 1376 912 1457 latera,
923 1379 1089 1460 angulum
1101 1387 1239 1461 praeter·

238 1499 385 1560 gressus.
407 1476 507 1545 Haud
524 1477 601 1558 plus
616 1498 685 1545 uno
707 1477 839 1545 minuto
864 1477 987 1545 abluit.
1025 1477 1146 1547 “Salva
1169 1502 1238 1548 orn·

236 1577 324 1659 nia‚”
340 1576 506 1645 submissa
520 1598 613 1658 voce,
629 1577 796 1646 allevatus
810 1576 924 1644 animo
940 1578 1168 1647 renuntiabat.

272 1707 275 1713 ·
321 1675 469 1759 “Utique
484 1684 566 1746 sunt
581 1677 676 1746 salva
690 1683 725 1745 et
740 1683 827 1745 tnta.
849 1676 949 1745 Certe
965 1677 1025 1746 tibi
1042 1678 1153 1747 visum
1168 1701 1236 1748 non

237 1784 289 1846 est
304 1776 366 1821 -n

321 1875 375 1947 “Si
400 1899 479 1946 arca
503 1876 537 1945 id
562 1875 653 1959 quod
677 1876 796 1959 putavi
818 1877 915 1956 celat,
931 1876 1050 1945 Lester
1065 1913 1106 1922 -
1122 1879 1238 1960 quin‚”

237 1977 415 2060 subiungit
428 1977 548 2058 acrius,
564 1998 640 2044 meo
655 1977 779 2045 obtutu
796 1976 1043 2057 animadverso,
1069 1977 1181 2061 “quod
1203 1987 1239 2049 et

237 2100 328 2147 nunc
344 2077 444 2147 credo
458 2099 533 2145 eam
549 2077 657 2145 celare
673 2084 807 2145 -tuta
823 2083 857 2144 et
873 2077 967 2145 salva
989 2078 1053 2146 sub
1077 2079 1238 2150 robustis·

238 2180 322 2249 simo
335 2178 465 2248 tomice
480 2177 694 2259 Argentariae
710 2179 899 2249 Nationalis
926 2179 1075 2250 Urbanae
1095 2201 1163 2248 non
1189 2203 1239 2250 es·

237 2280 319 2361 set,”
336 2278 461 2362 quibus
476 2277 573 2346 dictis
588 2285 627 2346 ut
643 2280 813 2360 pulsarem
828 2280 949 2348 innuit.

321 2378 423 2448 Parui
439 2377 551 2445 silens.

321 2478 430 2548 Parks
443 2478 518 2546 iere
534 2487 706 2546 momento
732 2479 803 2560 ipse
826 2479 1014 2561 adaperuit,
1036 2481 1135 2550 cuius
1158 2503 1177 2549 e
1204 2481 1239 2549 li-

237 2578 426 2650 neamentis
441 2577 539 2646 facile
555 2577 705 2646 divinavi
722 2600 825 2660 quam
840 2600 903 2647 nos
928 2579 1075 2649 videndo
1098 2581 1239 2663 gavisus

238 2681 290 2750 sit.

321 2780 446 2860 “Heus,
462 2778 508 2847 mi
524 2779 661 2860 ParkS,'’
677 2779 829 2861 alloquor
844 2781 1017 2850 eumdum
1029 2781 1129 2863 intro,
1146 2780 1238 2864 “spe

238 2905 276 2951 ro
291 2881 345 2952 hic
360 2888 484 2950 cuncta
500 2902 659 2962 prospere
675 2879 778 2961 geri.”

322 2981 508 3062 “Prospera
524 2979 646 3059 omnia,
662 2979 708 3046 mi
723 2979 845 3060 Here‚’'
862 2981 1044 3063 respondit.
1081 2980 1166 3051 “Sed
1189 2989 1239 3051 ta·

238 3106 316 3153 men
332 3103 458 3151 nervos
472 3087 606 3149 nostros
622 3081 789 3148 tentant.”

321 3184 456 3252 Interea
485 3181 568 3248 dum
597 3181 719 3248 laenam
750 3180 962 3261 pendendam
992 3182 1099 3251 Parks
1129 3183 1237 3281 trado,

238 3291 370 3352 motum
386 3303 473 3364 pone
488 3303 542 3349 me
558 3280 714 3362 percipio,
729 3289 764 3348 et
778 3303 963 3350 conversus
984 3282 1082 3351 video
1108 3283 1238 3366 Rogers

237 3386 272 3454 in
287 3382 420 3453 camula
436 3381 619 3450 sedentem.

321 3482 437 3551 “Heus
452 3481 517 3562 te,”
533 3481 686 3563 alloquor
701 3503 790 3561 eum,
808 3479 939 3548 “iamne
950 3481 1090 3550 circuire
1103 3483 1236 3553 vales?’'

322 3583 456 3662 “Valeo,
471 3581 592 3661 Here,''
608 3579 791 3662 respondit,
807 3602 869 3648 nec
881 3603 936 3648 me
948 3581 1147 3663 aspiciendo.
1159 3581 1238 3652 “Sa-

238 3685 307 3754 tius
321 3680 510 3753 existimavi
526 3680 729 3749 descendere
745 3687 779 3748 et
795 3680 829 3746 in
846 3679 1005 3748 societate
1032 3681 1139 3751 Parks
1163 3705 1238 3751 ver-

238 3808 430 3954 εἱιῃιΡειῐὶιε
442 3881 611 3964 paulisper
626 3879 851 3948 amariuscule
867 3879 1014 3949 subrisit.

321 3983 440 4068 “Quod
456 4004 521 4064 ego
535 3981 569 4049 id
584 3979 742 4062 expetivi,
772 3981 862 4049 Here
886 3979 1035 4061 Lester‚’'
1059 3982 1117 4050 ait.
1154 3982 1237 4052 “Hic

237 4087 328 4159 enim
343 4085 427 4156 adeo
442 4084 552 4152 solum
566 4102 620 4149 me
636 4079 724 4149 sensi
741 4088 781 4150 ut
795 4080 944 4162 aliquem
970 4082 1024 4151 vel
1047 4082 1151 4154 solius
1172 4085 1237 4166 col-
