3128 5016
661 830 838 886 cnorum
1213 816 1254 887 85

251 1019 292 1067 eo
307 1005 487 1082 penetrare
511 999 608 1082 velle,
623 999 670 1068 mi
686 999 808 1082 Here‚”
824 999 872 1069 ait
888 998 996 1069 Parks
1016 1021 1131 1070 amare
1147 1001 1254 1071 subri-

252 1099 345 1168 dens.

335 1199 403 1270 “At
417 1201 500 1271 milri
515 1223 584 1270 non
600 1209 672 1270 tam
687 1208 779 1271 certe
794 1202 958 1283 constat,'’
973 1201 1113 1284 inquam
1124 1225 1190 1285 ego
1205 1224 1254 1272 se

251 1300 311 1382 rio,
325 1323 365 1370 ac
382 1301 593 1371 dissentiens.
617 1301 727 1386 “Quin
743 1325 808 1385 ego
823 1303 858 1370 in
874 1323 915 1370 ea
930 1323 1006 1371 sum
1022 1304 1192 1372 sententia
1213 1310 1254 1372 ut

251 1401 400 1484 aliquem
414 1425 455 1471 eo
475 1403 602 1472 intrare
627 1403 812 1472 admodum
837 1402 1000 1485 cupidum
1024 1424 1096 1472 esse
1124 1411 1253 1486 putem.

251 1501 335 1583 Quis
348 1503 403 1571 ille
418 1503 472 1584 sit,
488 1511 550 1573 aut
564 1503 647 1586 quid
661 1504 707 1572 ibi
721 1504 814 1585 velit,
829 1503 967 1573 minime
990 1503 1077 1583 sci0;
1108 1503 1166 1572 sed
1189 1526 1254 1586 ego

251 1623 369 1671 curam
383 1603 445 1672 tibi
461 1604 636 1673 committo
651 1610 692 1673 ut
707 1626 788 1674 eum
809 1626 936 1686 arceas,
953 1611 1057 1685 atque
1067 1604 1099 1682 ,si
1116 1612 1150 1672 te
1166 1612 1254 1673 teste

250 1723 292 1770 eo
306 1711 486 1784 penetrare
501 1704 595 1786 velit,
610 1726 691 1773 eum
705 1705 849 1787 capias.”

334 1819 494 1889 “eonfide
509 1821 595 1889 mihi
611 1821 653 1890 de
668 1843 709 1890 ea
730 1843 777 1902 re,
802 1821 849 1890 mi
876 1821 996 1901 Here‚”
1024 1822 1179 1903 protinus
1205 1844 1254 1890 re-

251 1919 395 2001 spondet
411 1921 529 1990 Parks.
552 1920 663 2004 “Quid
680 1943 735 1989 me
750 1922 803 1990 vis
817 1922 978 1990 facere?’'

336 2018 448 2089 “Ante
466 2022 557 2090 fores
571 2022 740 2090 conclavis
755 2027 899 2090 camam¹
915 2029 949 2090 te
960 2023 1131 2104 collocare,
1143 2030 1178 2090 et
1191 2023 1253 2091 hac

252 2127 350 2189 nocte
366 2121 431 2190 illic
446 2129 481 2191 te
496 2123 643 2190 dormire
658 2123 744 2191 volo.
768 2122 853 2191 Dein
868 2145 943 2191 cras
957 2123 1075 2192 videro
1101 2145 1187 2205 quas
1206 2124 1255 2192 ul·

251 2221 392 2291 teriores
406 2224 558 2292 cautelas
573 2222 753 2292 instituere
769 2223 995 2292 necessarium
1011 2225 1161 2305 putem.”

338 2338 451 2409 “Bene
466 2347 528 2422 est,
544 2340 590 2408 mi
606 2340 727 2422 Here‚”
742 2341 928 2410 assentitur
951 2340 1067 2409 Parks.
1094 2339 1253 2410 “Camam

253 2441 325 2510 sine
340 2463 437 2511 mora
451 2462 491 2509 eo
507 2442 689 2510 statuam.”

337 2541 436 2612 “Una
450 2541 597 2623 amplius
612 2562 666 2610 res
682 2542 867 2624 superest,”
883 2563 988 2624 pergo
1004 2563 1078 2623 ego.
1105 2540 1255 2610 “Mortu-

253 2643 325 2711 ario
341 2664 418 2711 mea
444 2641 579 2724 propria
594 2641 661 2711 fide
676 2642 838 2724 spopondi
866 2642 1034 2710 neminem
1062 2642 1258 2711 domestico·

252 2765 329 2812 rum
344 2742 423 2812 hinc
439 2749 519 2811 ante
534 2741 786 2824 inquisitionem
802 2743 930 2811 factam
947 2742 1184 2812 discessurum.
1209 2742 1254 2810 Ni

251 2844 361 2924 fallor,
377 2842 490 2911 licebit
504 2842 568 2910 illis
582 2842 686 2911 fidere
696 2842 732 2911 ?”

335 2959 496 3041 “Licebit,
512 2958 612 3028 Here.
635 2959 730 3028 Dabo
746 2981 883 3042 operam
906 2965 945 3028 ut
972 2959 1020 3027 rei
1046 2959 1254 3041 gravitatem

251 3060 487 3143 perspiciant.'’

336 3159 550 3228 “Praesertim
566 3160 726 3242 Rogers,”
749 3160 908 3229 subiunxi
925 3183 1004 3230 eum
1021 3161 1203 3229 contuitus.

335 3259 481 3341 “Teneo
496 3260 543 3328 mi
559 3260 681 3341 Here‚”
697 3262 806 3329 refert
821 3260 929 3329 Parks
945 3262 1135 3343 tranquille.

335 3359 499 3429 “Factum
515 3368 617 3429 recte.
640 3362 741 3430 Nunc
768 3383 850 3443 ergo
877 3361 1122 3430 descendamus
1146 3383 1254 3444 eaque

250 3460 405 3530 cubicula
421 3461 669 3529 occludamus.”

335 3560 498 3630 Cubicula
513 3582 623 3643 usque
638 3561 823 3631 luminibus
837 3562 1078 3644 splendebant;
1094 3562 1136 3631 ad
1152 3562 1253 3630 limen

251 3669 369 3731 tamen
385 3669 532 3744 uterque
547 3669 704 3730 nostrum
716 3662 899 3744 paucillum
911 3662 1100 3731 haesitabat.
1113 3662 1203 3731 Nam
1214 3663 1249 3731 in

250 3760 361 3832 medio
375 3763 557 3831 feretrum²
572 3763 685 3832 stabat
710 3765 744 3830 in
770 3771 943 3832 constrato
959 3771 1073 3845 tegete
1096 3771 1254 3845 opertum

353 3965 376 4016 1.
393 3964 442 4016 Est
455 3963 580 4024 lectulus,
593 3964 648 4025 hic,
667 3965 813 4029 portatilis.

350 4047 378 4100 2.
400 4049 448 4100 Est
461 4048 589 4113 supellex,
600 4048 643 4100 cui
662 4049 784 4108 cadaver,
804 4055 851 4100 aut
873 4048 1009 4116 capulus,
1023 4049 1051 4100 in
1065 4065 1118 4115 quo
1141 4049 1255 4101 cadaver

251 4138 330 4205 iacet,
344 4131 501 4198 imponitur,
516 4138 564 4184 aut
576 4148 629 4199 quo
642 4132 713 4184 idem
728 4133 756 4184 in
769 4133 890 4186 humeris
896 4133 1008 4200 ferror.
