3128 5016
278 785 342 854 282
537 798 748 853 mmmmm
769 796 878 852 rnen
899 790 1019 853 nomn

280 967 394 1049 stinet,
410 966 573 1036 obsistere
589 966 719 1050 nequit.
742 966 795 1036 Ex
809 987 878 1049 quo
892 965 956 1035 hos
970 963 1099 1048 lapides
1113 965 1286 1046 amiserat,

279 1069 397 1137 furere
411 1089 589 1149 nunquam
605 1066 747 1148 destitit,
759 1087 936 1149 nunquam
946 1063 1149 1135 maledicere
1158 1063 1289 1148 pedise-

280 1189 434 1250 quosque
449 1167 630 1237 verberare
646 1203 686 1212 -
702 1188 812 1236 unum
827 1166 951 1235 horum
974 1165 1059 1235 adeo
1082 1163 1225 1248 quidem
1245 1172 1287 1235 ut

280 1268 359 1338 inde
374 1275 574 1337 moreretur.
596 1267 706 1350 Super
720 1289 791 1336 una
805 1266 861 1335 vel
876 1267 985 1336 altera
1005 1287 1042 1335 re
1066 1265 1143 1335 fere
1167 1270 1288 1335 omne⁸

280 1368 478 1450 insanimus,
493 1375 534 1437 ut
549 1368 722 1451 proditum
747 1366 882 1448 audivi;
912 1366 948 1435 in
970 1386 1114 1448 summa,
1137 1364 1288 1449 Magnus

281 1468 360 1538 Dux
388 1468 530 1538 Michael
560 1490 663 1551 super
692 1467 892 1537 adamantes
921 1464 1215 1550 praetermodum
1238 1464 1287 1535 in·

281 1568 401 1637 sanit.”

365 1667 456 1738 “Cur
470 1669 584 1737 iurem
599 1668 643 1737 ad
658 1666 908 1738 restituendum
923 1664 1064 1750 praemio
1074 1686 1144 1736 non
1153 1665 1288 1737 allecta·

282 1768 332 1837 vit
341 1767 379 1837 ?”
395 1768 519 1851 quaerit
534 1766 735 1837 Simmonds

367 1867 583 1951 “Tentavit,''
599 1869 708 1938 refert
729 1866 959 1951 herusPigot
981 1864 1126 1937 “Statim
1145 1872 1289 1937 cunctas

282 1990 363 2038 suas
377 1969 536 2038 fortunas
549 1968 585 2037 in
600 1968 780 2051 praemium
796 1967 929 2037 obtulit.
951 1966 1017 2038 Sed
1041 1966 1195 2037 fortunae
1214 1986 1288 2037 sure

280 2069 324 2138 ad
350 2069 577 2138 allectandum
604 2067 775 2139 Crochard
801 2067 895 2138 haud
921 2072 1020 2138 erant
1046 2066 1129 2137 satis
1153 2067 1287 2151 ample,

281 2191 361 2239 nam
376 2170 524 2251 Magnus
538 2169 617 2239 Dux
633 2191 754 2239 revera
768 2169 835 2239 alia
856 2189 893 2238 re
917 2189 1022 2251 quam
1046 2166 1161 2238 reditu
1185 2166 1288 2239 bono·

283 2291 360 2338 rum
386 2269 525 2338 familiae
549 2269 643 2339 nulla
668 2269 781 2352 nollet,
804 2290 868 2338 nec
882 2275 918 2338 te
932 2268 1030 2338 fallet
1043 2288 1125 2338 eum
1147 2287 1288 2352 prorsus

282 2377 394 2439 totum
410 2369 601 2439 absumere.
623 2369 772 2439 Maximo
788 2369 836 2438 illi
851 2376 944 2439 certe
958 2367 1025 2438 erit
1038 2366 1287 2439 delectamento

281 2469 344 2539 has
358 2491 512 2552 gemmas
526 2492 547 2539 a
561 2469 659 2539 nobis
674 2477 826 2552 repertas
847 2469 952 2539 esse.”

366 2570 536 2651 Cogitatio
551 2577 627 2639 tum
643 2570 726 2639 mihi
741 2569 860 2640 incidit
873 2569 997 2639 herum
1011 2567 1124 2653 Pigot,
1138 2569 1213 2640 sine
1226 2568 1288 2641 du·

283 2669 348 2752 bio,
364 2670 528 2739 bellulum
544 2670 623 2739 inde
638 2670 818 2753 praemium
832 2670 996 2739 laturum.

367 2768 473 2839 “Eece
488 2791 642 2852 gemmas
656 2770 888 2852 convasatas,’'
903 2769 952 2839 ait
966 2768 1168 2852 Simmonds.
1183 2776 1225 2841 ut
1239 2767 1288 2839 vi·

283 2869 403 2939 dulum
418 2869 518 2939 celen‘
534 2869 682 2952 impulsu
697 2869 828 2951 clausit,
850 2890 958 2952 quum
984 2868 1085 2939 simul
1109 2875 1146 2939 et
1171 2868 1287 2953 Grady

285 2969 437 3039 intravit.

367 3069 472 3138 “Rem
487 3069 604 3152 itaque
619 3069 661 3139 de
675 3070 789 3139 forulo
799 3068 1029 3152 diremimus,”
1042 3069 1151 3139 refert
1161 3068 1287 3153 Grady,

283 3168 409 3252 “atque
426 3169 609 3238 clavulare¹
625 3168 773 3238 decuriae
787 3177 914 3239 nostrae
939 3168 1008 3238 iam
1032 3168 1136 3239 etiam
1161 3168 1287 3239 adstat

285 3270 382 3351 Digae
397 3269 579 3338 meritoriae
592 3291 661 3338 non
672 3269 846 3339 fidendum
856 3269 977 3353 putavi
993 3304 1034 3315 -
1048 3268 1215 3352 subverti,
1224 3274 1287 3339 aut

283 3370 318 3438 in
333 3371 481 3452 aliquam
498 3391 570 3438 rem
585 3369 758 3439 incurrere
784 3376 908 3452 posset,
932 3390 996 3439 nec
1010 3367 1109 3439 decet
1121 3390 1186 3439 nos
1199 3369 1287 3453 peri·

284 3472 361 3540 cula
375 3470 529 3539 consulto
544 3470 652 3540 accire
666 3506 708 3515 -
722 3471 843 3539 saltem
868 3492 937 3539 non
959 3469 1024 3539 hac
1046 3472 1199 3540 vectura„
1220 3468 1287 3553 'ha

284 3570 484 3651 Simmonds,
500 3571 658 3639 comitem
672 3578 707 3639 te
721 3569 889 3653 praebebis
909 3569 1018 3639 Musir
1040 3568 1192 3653 riggott,
1214 3590 1288 3654 spe·

284 3672 470 3752 cialemque
497 3670 649 3738 lictorem
671 3670 766 3739 iuxta
795 3669 952 3753 aurigam
979 3668 1165 3740 collocabis
1198 3668 1286 3739 Fieri

284 3772 374 3840 enim
389 3770 514 3853 poterit
530 3777 570 3838 ut
584 3770 754 3839 Crochard
770 3771 937 3854 impetum
951 3769 986 3839 in
1001 3776 1037 3839 te
1051 3770 1195 3840 tentet”

387 4008 409 4056 1.
425 4002 593 4065 Clavulare,
611 4004 660 4066 -m,
681 4022 721 4065 n..
735 4011 776 4057 est
788 4021 883 4058 currus
908 4004 943 4058 ad
968 4003 1150 4067 devehendos
1167 4005 1212 4059 vel
1225 4020 1289 4059 eon.

286 4089 434 4142 vectandos
445 4089 547 4141 milites
554 4105 561 4149 ;
579 4089 624 4141 hic
636 4105 731 4141 currus
742 4089 875 4142 lictorius.
