3128 5016
351 701 393 770 94
609 716 818 770 ursrsmun
840 716 948 771 anca
971 709 1091 770 soom

435 883 592 952 “Nullius
607 884 780 965 momenti,
797 884 963 966 siquidem
979 884 1041 952 has
1056 906 1110 952 res
1135 905 1203 951 non
1231 882 1352 965 quaeri·

351 1007 437 1052 mus
461 984 497 1052 ld
513 987 635 1053 rescire
651 985 810 1054 volumus
835 984 1121 1067 quemadmodum
1150 984 1295 1052 Vantine
1316 990 1351 1052 et

351 1086 404 1153 hic
421 1085 571 1153 Francus
586 1085 725 1166 ignotus
739 1085 817 1154 caesi
843 1086 982 1153 fuerint.
1016 1086 1130 1167 Atque
1152 1084 1214 1153 hoc
1240 1085 1351 1166 ipsum

351 1193 414 1267 est,
429 1193 523 1254 certo
539 1187 616 1266 scio,
633 1186 723 1268 quod
740 1208 802 1254 nec
827 1187 891 1266 vir,
916 1208 978 1253 nec
1004 1186 1136 1266 mulier,
1162 1207 1273 1267 neque
1290 1184 1353 1252 Ro

352 1309 440 1368 gers,
456 1308 517 1354 nec
534 1286 715 1368 quisquam
731 1287 785 1354 cui
802 1285 937 1354 obviam
952 1286 1035 1354 facti
1051 1307 1180 1367 sumus,
1207 1285 1353 1353 declara-

351 1387 449 1454 verit.
473 1386 572 1454 Omni
588 1386 667 1454 huic
682 1386 729 1454 rei
745 1386 896 1454 humana
917 1385 1064 1454 sublatet
1080 1407 1233 1467 persona,
1247 1406 1352 1467 quarn

351 1509 394 1554 ne
421 1487 582 1568 suspicari
609 1486 746 1568 quidem
772 1486 940 1566 novimus
967 1493 1002 1553 et
1027 1507 1105 1567 quae
1131 1507 1199 1567 quo
1213 1485 1352 1553 demum

352 1587 452 1654 modo
467 1587 618 1655 eruenda
633 1587 686 1668 sit,
702 1608 839 1669 prorsus
854 1587 983 1668 ignoro.
1014 1586 1176 1667 AEnigma
1192 1585 1273 1653 mihi
1290 1593 1353 1663 est,

351 1709 448 1768 paene
465 1694 571 1754 terret
587 1709 661 1766 me;
684 1695 735 1755 est
749 1694 925 1769 tamquam
952 1686 1073 1755 umbra
1098 1686 1222 1766 minax,
1249 1706 1352 1767 quam

352 1809 451 1855 nemo
467 1787 674 1869 prehendere
689 1789 824 1869 queat.’'

437 1905 648 1972 Momentum
663 1904 824 1985 temporis
840 1903 1038 1984 silebamus;
1059 1903 1137 1972 dein
1153 1912 1288 1984 tempus
1302 1924 1353 1970 es-

351 2026 387 2072 se
403 2005 592 2073 arbitrabar
608 2013 647 2073 ut
662 2013 697 2072 et
711 2027 775 2086 ego
790 2005 976 2086 eloquerer.

437 2121 641 2204 “Godfrey,’'
657 2123 723 2190 fari
739 2122 836 2204 coepi,
854 2120 964 2203 “quod
991 2121 1091 2189 modo
1113 2121 1174 2188 tibi
1197 2119 1354 2188 dicturus

352 2246 439 2303 sum,
456 2244 517 2304 per
532 2221 633 2290 tidem
650 2221 778 2290 dictum
805 2221 977 2290 existimes
1000 2222 1113 2301 velim,
1138 2242 1200 2288 nec
1225 2219 1288 2287 nisi
1304 2220 1354 2287 fa-

352 2325 480 2393 cultate
496 2345 516 2390 a
532 2344 586 2389 me
602 2343 759 2389 concessa
775 2321 928 2390 edixeris.
951 2320 1146 2404 Spondesne
1155 2320 1191 2388 ?’'

436 2439 547 2522 “Quin
564 2460 766 2521 prosequere
777 2439 806 2506 !'’
822 2439 869 2506 ait
885 2461 939 2506 me
961 2439 1144 2508 contuitus

424 2557 640 2642 “‘Enimvero
654 2577 708 2623 me
735 2556 818 2624 scire
841 2555 986 2625 arbitror
1010 2555 1296 2638 quemadmodum
1319 2555 1354 2623 hi

353 2658 421 2726 duo
437 2657 499 2724 viri
516 2656 592 2724 caesi
609 2656 686 2724 sint.
710 2656 914 2725 Audidum.’'

437 2773 582 2842 Narravi
598 2773 641 2841 illi
659 2772 817 2855 deinceps
842 2773 1016 2842 historiam
1043 2795 1131 2842 arcae
1158 2773 1281 2851 Boule;
1305 2795 1354 2840 re·

353 2875 440 2944 colui
455 2873 660 2942 sententiam
678 2873 825 2942 Vantine
855 2874 953 2942 cuius
982 2896 1023 2942 ea
1052 2874 1199 2956 primum
1229 2873 1354 2951 fuerit;

353 2975 538 3044 memoravi
555 2974 701 3056 pretium
724 2974 815 3055 quod
830 2973 901 3055 ipse
917 2996 977 3057 pro
993 2996 1033 3042 ea
1057 2975 1187 3042 solvere
1213 2981 1356 3056 paratus

352 3076 477 3154 fuerit;
500 3074 645 3156 explicui
661 3073 870 3156 longiuscule
886 3074 1063 3142 discrimen
1090 3073 1179 3142 inter
1203 3073 1357 3156 primari-

352 3198 412 3246 um
428 3182 463 3244 et
479 3174 696 3255 redditivurn,
712 3197 751 3243 ac
773 3174 916 3256 repetivi
932 3174 1005 3242 eius
1019 3182 1187 3243 assertum
1203 3173 1290 3243 hanc
1306 3196 1356 3242 es

352 3299 388 3346 se
404 3275 638 3358 primigeniam
654 3283 689 3343 et
705 3275 885 3343 artificium
902 3274 1142 3343 indubitatum.
1165 3274 1283 3357 Longe
1298 3297 1356 3343 an·

353 3386 387 3446 te
403 3398 506 3458 quam
522 3398 586 3456 ego
601 3375 779 3443 finiveram
796 3375 947 3457 Godfrey
959 3383 1056 3444 extra
1067 3375 1264 3444 artisellium
1276 3376 1355 3457 fuit,

354 3477 471 3546 vultus
487 3476 560 3544 cius
574 3475 697 3543 rubore
712 3476 883 3558 perfusus,
906 3476 993 3544 oculi
1009 3475 1184 3556 ardebant,
1200 3483 1304 3558 atque
1320 3477 1354 3544 in

352 3577 507 3648 cubiculo
523 3598 657 3644 sursum
673 3598 712 3644 ac
728 3576 884 3646 deorsum
901 3575 1106 3645 ambulabat.

437 3693 662 3762 “Praeclarum
674 3693 702 3761 !'’
739 3693 941 3762 mussitabat
963 3693 1145 3762 interdurn.
1189 3692 1355 3776 “Ingens!

353 3797 465 3875 Quem
481 3803 515 3862 et
532 3795 666 3876 qualern
681 3793 830 3862 efficeret
845 3815 974 3862 casum.
1004 3793 1122 3862 Lester
1132 3792 1162 3860 !''
1187 3794 1356 3864 clamabat

352 3903 433 3965 ante
449 3895 563 3963 sellam
590 3916 700 3962 meam
724 3894 921 3974 consistens,
947 3915 1069 3976 meque
1095 3893 1202 3962 veluti
1228 3895 1356 3965 lumine

352 3995 469 4080 gloriae
484 3995 667 4064 irradiabat
679 3995 744 4063 iam
757 3994 985 4064 narrationem
997 3994 1241 4064 absolventem.
1253 3994 1356 4066 “Uni-
