3128 5016
615 817 703 873 sons
728 818 812 871 uum
839 817 945 871 mcor
1217 801 1280 872 291

278 987 345 1056 iam
372 986 475 1056 etiam
500 986 597 1056 adest
607 985 636 1055 !''
658 985 787 1056 Eodem
813 993 965 1069 tempore
990 984 1093 1055 homo
1119 984 1284 1055 brevioris

278 1095 431 1168 staturae,
460 1087 559 1168 nigro
586 1086 749 1155 barbatus
774 1086 927 1167 intravit,
948 1093 1081 1155 certum
1105 1106 1177 1155 suae
1198 1085 1282 1154 artis

278 1188 449 1267 indicium,
463 1187 604 1269 bulgam
619 1186 951 1255 medicamentariam
966 1208 1080 1254 secum
1102 1193 1251 1268 gestans.

362 1305 505 1373 Aduena
515 1304 790 1373 leritcrlustrato
800 1325 950 1385 corpore,
960 1325 1066 1372 manu
1077 1325 1139 1372 nos
1150 1302 1283 1373 recede-

279 1427 316 1475 re
331 1405 439 1485 iussit,
454 1404 635 1487 procubuit
647 1404 681 1472 in
693 1426 818 1485 genua,
827 1403 1028 1472 indumenta
1036 1403 1174 1472 resolvit
1181 1403 1217 1472 in
1225 1424 1283 1486 pe·

279 1514 382 1586 ctore,
397 1526 585 1586 auremque
600 1504 692 1573 cordi
707 1504 879 1586 applicuit.
891 1503 976 1572 Dein
987 1503 1022 1572 in
1037 1503 1164 1586 rigidos
1173 1503 1283 1585 inspe-

281 1606 332 1675 xit
348 1606 471 1685 oculos,
498 1604 676 1686 palpebras
696 1604 841 1686 induxit,
864 1603 1127 1686 observavitque
1152 1611 1193 1673 ut
1216 1604 1282 1673 illae

280 1705 392 1775 subito
408 1706 614 1785 recederent,
631 1712 705 1772 tum
722 1705 860 1773 demum
875 1704 1015 1785 bulgam
1033 1725 1131 1773 suam
1147 1703 1278 1785 pandit.

364 1805 645 1887 “Aliquantulum
661 1805 791 1886 aquae‚''
807 1804 878 1886 ipse
894 1804 988 1886 petit.

363 1905 505 1987 “Itaque
530 1927 597 1973 non
625 1913 677 1973 est
700 1904 903 1974 mortuus?”
929 1925 1046 1986 quaero
1071 1925 1147 1986 ego,
1172 1925 1281 1987 quum

280 2006 356 2089 quis
370 2005 557 2074 scribarum
574 2027 635 2088 pro
650 2026 740 2087 aqua
755 2004 923 2073 discurrit.

365 2105 564 2176 '‘Mortuus?
597 2106 675 2174 Non
698 2105 846 2187 quidem,
870 2104 929 2174 sed
954 2103 1120 2174 inhalavit
1144 2104 1282 2187 aliquid,

281 2206 371 2289 quod
387 2207 418 2274 ei
434 2228 492 2274 cor
508 2207 644 2274 omnino
661 2206 779 2274 stitit.'’

364 2324 481 2393 Genus
496 2323 644 2392 horroris
660 2322 747 2391 sensi
764 2344 825 2404 per
839 2323 945 2391 cutim
962 2344 1074 2392 meam
1086 2343 1222 2392 sursum
1233 2344 1283 2392 re·

281 2447 371 2507 perc,
388 2447 494 2507 quum
511 2424 594 2493 mihi
610 2424 645 2492 in
661 2430 811 2492 mentem
827 2424 960 2492 veniret
985 2424 1147 2492 memoria
1170 2423 1213 2492 ad
1235 2423 1284 2493 di·

280 2525 421 2593 midium
435 2527 543 2605 plenae
552 2525 626 2592 eius
635 2525 804 2606 lagenulae
819 2523 930 2592 rubidi
941 2524 1073 2604 veneni,
1083 2545 1188 2606 quam
1199 2524 1281 2595 Cro·

280 2625 384 2693 chard
400 2625 434 2692 in
451 2626 585 2693 sacculo
601 2646 715 2692 secum
732 2624 884 2705 gerebat.

365 2742 410 2810 At
426 2742 480 2810 ille
495 2741 597 2810 modo
624 2749 768 2809 mortem
789 2741 945 2823 infligere
968 2740 1123 2822 nolebat;
1145 2742 1283 2812 memini

282 2840 432 2923 Godfrey
448 2841 572 2909 dixisse
587 2862 666 2908 eum
682 2862 860 2922 nunquam
876 2840 1109 2909 adversarium
1134 2841 1285 2912 occidere

281 2942 428 3010 solitum.
445 2941 596 3009 Medicus
611 2941 742 3025 interea
757 2941 882 3009 acriter
906 2941 1105 3023 elaboravit,
1120 2963 1160 3010 ac
1175 2963 1284 3025 pauca

282 3042 416 3110 minuta
446 3050 522 3121 post
549 3041 634 3108 oculi
662 3040 855 3109 Simmonds
885 3040 999 3109 subito
1027 3041 1284 3125 claudebantur,

282 3150 358 3209 tum
375 3140 516 3221 longum
532 3139 630 3207 duxit
646 3140 813 3221 spiritum,
829 3140 976 3223 denique
991 3141 1094 3209 etiam
1119 3164 1156 3210 se
1179 3142 1222 3211 ad
1235 3164 1286 3212 se-

281 3241 432 3310 dendum
448 3240 565 3307 erexit.
588 3239 755 3307 Paulatim
779 3241 913 3323 aperuit
935 3241 1059 3321 oculos,
1085 3240 1225 3312 sedebat
1246 3244 1287 3312 ti·

281 3341 409 3409 tubans
434 3361 473 3408 ac
498 3348 635 3420 nutans,
660 3340 833 3422 oculisque
860 3341 1054 3409 errantibus
1083 3340 1287 3425 circumspe-

282 3440 408 3509 etabat.

366 3556 501 3625 “Satius
516 3556 580 3624 erit
597 3556 659 3624 tibi
675 3555 800 3624 iterum
822 3555 1056 3637 decumbere,”
1072 3556 1120 3626 ait
1135 3557 1287 3628 medicus

282 3656 397 3725 verbis
411 3657 552 3725 lenibus.
580 3656 768 3735 “Necdum,
784 3664 824 3725 ut
840 3657 912 3737 scis,
928 3657 1048 3725 firmus
1061 3678 1098 3725 es
1111 3657 1287 3739 pedibus.”

368 3772 536 3841 “Ubinam
551 3773 671 3841 sum‘?”
688 3772 834 3842 halitans
845 3774 968 3855 quaerit
980 3772 1181 3843 Simmonds.
1194 3774 1285 3844 Tum

282 3896 364 3944 casu
381 3894 435 3940 me
451 3873 702 3941 animadvertit.
719 3872 859 3942 “Lester
869 3873 897 3942 !''
913 3895 968 3943 me
983 3872 1120 3944 affatur.
1133 3872 1220 3945 “Ubi
1235 3875 1288 3945 est

283 3975 355 4058 ipse
372 4008 413 4017 -
429 3973 594 4055 Piggott?
617 3974 695 4041 Non
713 4026 720 4041 .
737 4026 744 4041 .
763 4026 771 4041 .

368 4090 482 4160 Verba
512 4090 697 4174 haeserunt,
727 4090 860 4175 fulgida
885 4090 1090 4175 argentariae
1118 4112 1288 4166 marmora
