3150 5468
285 1213 306 1282 8
546 1229 756 1282 nrsramuu
777 1229 887 1282 mom
908 1222 1028 1282 soora

267 1403 360 1490 tum
387 1418 427 1466 ac
449 1396 674 1477 delineatum;
707 1396 915 1466 redditivum
936 1402 1054 1465 autem
1069 1418 1089 1464 e
1104 1417 1224 1465 nonna
1238 1416 1292 1464 ca·

286 1518 327 1565 su
343 1496 535 1646 oriundum,
551 1496 595 1565 ab
610 1518 650 1565 eo
665 1518 734 1565 non
750 1496 925 1578 speciatim
939 1495 1153 1565 meditatum.
1176 1495 1291 1566 Nunc·

286 1618 329 1665 ne
345 1603 441 1666 tenes
453 1597 485 1665 .’'

370 1728 442 1799 “Sic
458 1729 574 1812 puto,’'
590 1729 756 1811 respondi.
790 1727 864 1798 “lta
887 1729 961 1797 fere
977 1750 1032 1798 res
1046 1736 1100 1798 est
1113 1749 1155 1797 ac
1176 1728 1205 1797 si
1231 1727 1292 1797 Mi·

284 1828 380 1898 chael
403 1829 565 1912 Angelus,
592 1849 700 1910 quum
722 1828 871 1911 primum
898 1828 1081 1911 quamdam
1106 1828 1292 1911 imaginem

285 1927 361 1997 albo
376 1928 613 1998 delineavisset
628 1928 662 1996 in
678 1928 788 1997 tundo
803 1928 912 2011 nigro,
927 1928 1106 1998 tentamini
1121 1928 1158 1997 in
1173 1928 1292 1998 charta

286 2027 446 2110 paginam
468 2028 699 2111 supposuisset
714 2028 943 2111 fuliginosam,
965 2049 1104 2110 unoque
1130 2049 1233 2111 opere
1256 2034 1293 2097 et

285 2127 504 2197 simulacrum
519 2128 592 2197 eius
606 2129 744 2210 nigrum
759 2127 794 2196 in
810 2127 887 2196 albo
901 2127 1100 2196 effecisset”

370 2258 534 2330 “Prorsus
547 2261 604 2329 ita.
622 2260 867 2344 Primigenium
893 2261 1000 2344 igitur
1015 2267 1055 2330 ut
1069 2282 1126 2330 ars
1136 2260 1172 2329 in
1183 2259 1293 2344 pretio

284 2367 345 2429 est.
369 2360 497 2443 Utique
511 2368 546 2430 et
563 2361 769 2430 redditivum
784 2382 875 2444 saepe
899 2360 1062 2430 eximium
1085 2368 1148 2443 est,
1174 2367 1292 2430 tamen

284 2460 394 2542 gradu
411 2460 558 2543 quodam
574 2460 776 2529 humiliori.”

370 2575 429 2645 “Id
445 2576 527 2646 satis
541 2577 736 2659 perspici0,”
760 2577 926 2659 respondi.

370 2691 492 2761 “Nunc
508 2714 600 2773 vero,
627 2693 673 2760 mi
699 2693 848 2773 Lester‚”
876 2693 990 2775 pergit
1012 2692 1171 2774 Vantine,
1187 2693 1293 2762 oculis

285 2791 394 2874 magis
408 2792 585 2874 magisque
601 2792 870 2873 scintillantibus,
894 2791 943 2861 “si
964 2799 1056 2860 recte
1083 2792 1239 2874 suspicor
1253 2827 1291 2836 -—

285 2891 314 2959 si
331 2891 478 2973 Magnus
491 2891 545 2960 ille
562 2891 756 2959 Ludovicus
771 2898 954 2960 contentus
967 2890 1037 2960 fuit
1051 2890 1108 2959 illo
1123 2891 1293 2960 redditivo

285 2989 388 3058 huius
402 3012 490 3059 arcae
506 3013 566 3072 pro
590 2990 700 3072 longis
715 2991 801 3058 aulis
816 2990 1023 3071 Versalibus,
1050 3011 1153 3072 quem
1180 2991 1295 3060 existi-

285 3111 358 3158 mas
374 3090 590 3172 originariam
612 3090 782 3172 possidere
793 3090 829 3158 ?'’

369 3222 457 3305 Quid
474 3223 504 3291 ei
520 3223 555 3290 in
570 3230 685 3291 mente
701 3230 800 3303 esset,
816 3223 982 3305 perspexi.

369 3338 623 3420 “Quamdamne
639 3339 825 3408 amicarum
840 3338 1001 3421 intelligis
1009 3339 1045 3408 ?”

368 3453 427 3523 “ld
451 3454 612 3536 intelligo,
643 3455 796 3538 scireque
823 3462 909 3537 puto
935 3476 1013 3537 quae
1038 3456 1094 3524 illa
1119 3456 1229 3525 fuerit
1255 3493 1293 3500 —

285 3555 441 3622 Matrona
462 3576 502 3622 ea
517 3555 586 3622 fuit
602 3554 644 3622 de
660 3555 893 3637 Montespan.”

367 3671 589 3753 stupefactus
612 3693 692 3739 eum
718 3671 913 3753 contuebar,
930 3679 970 3740 nt
996 3673 1067 3754 ipse
1082 3672 1118 3740 in
1134 3672 1218 3742 sella
1245 3695 1296 3742 re·

283 3770 428 3839 clinatus
443 3771 477 3838 in
494 3792 548 3839 me
564 3770 772 3840 subridebat.

368 3885 465 3961 “At”
482 3887 624 3955 obverto
639 3887 695 3967 illi,
711 3885 846 3956 “certus
860 3909 934 3956 esse
949 3909 1017 3956 non
1033 3894 1132 3970 potes
1146 3888 1209 3932 -'’

368 4018 491 4087 “Recte
518 4019 665 4100 moneS,”
692 4019 877 4088 assentitur
900 4019 1066 4102 protinus,
1089 4026 1184 4089 certo
1207 4022 1295 4091 scire

283 4139 424 4200 nequeo.
438 4118 510 4186 Hoc
519 4129 581 4198 est,
592 4119 735 4200 probare
745 4140 813 4186 non
823 4140 970 4201 possum.
982 4119 1044 4188 Est
1055 4126 1172 4188 tamen
1187 4120 1296 4203 quod-

284 4217 361 4286 dam
385 4255 424 4262 -
441 4226 481 4286 ut
496 4219 544 4285 ita
560 4218 669 4286 dicam
686 4255 725 4261 —
742 4218 976 4287 testimonium
990 4219 1227 4302 accessorium,
1243 4229 1295 4303 ut,

283 4317 318 4385 ni
334 4319 443 4398 fallor,
459 4340 521 4385 vos
536 4317 719 4399 iurisperiti
734 4318 921 4401 appellatis.
939 4319 1045 4388 Boule
1066 4325 1173 4402 atque
1199 4320 1296 4390 Mon·

283 4425 403 4498 tespan
419 4418 474 4485 illa
489 4417 577 4486 circa
599 4417 661 4485 hoc
685 4418 774 4486 idem
798 4425 936 4500 tempus
951 4418 986 4487 in
1007 4419 1207 4490 summitate
1221 4442 1295 4490 suae

283 4515 399 4596 gloriae
435 4516 626 4598 fulgebant,
654 4517 804 4599 mihique
831 4517 931 4587 facile
965 4519 1154 4601 persuadeo
1196 4542 1296 4590 coru-
