<?xml version="1.0" encoding="UTF-8"?>
<!DOCTYPE html PUBLIC "-//W3C//DTD XHTML 1.0 Transitional//EN"
    "http://www.w3.org/TR/xhtml1/DTD/xhtml1-transitional.dtd">
<html xmlns="http://www.w3.org/1999/xhtml" xml:lang="en" lang="en">
 <head>
  <title>
</title>
<meta http-equiv="Content-Type" content="text/html;charset=utf-8" />
  <meta name='ocr-system' content='tesseract 3.04.00' />
  <meta name='ocr-capabilities' content='ocr_page ocr_carea ocr_par ocr_line ocrx_word'/>
</head>
<body>
  <div class='ocr_page' id='page_1' title='image "./mysteriumarcbou00stevgoog/mysteriumarcbou00stevgoog_0282.png"; bbox 0 0 3128 5016; ppageno 0'>
   <div class='ocr_carea' id='block_1_1' title="bbox 280 722 1021 793">
    <p class='ocr_par' dir='ltr' id='par_1_1' title="bbox 280 722 1021 793">
     <span class='ocr_line' id='line_1_1' title="bbox 280 722 1021 793; baseline -0.001 -1"><span class='ocrx_word' id='word_1_1' title='bbox 280 722 343 793; x_wconf 83' lang='lat'><strong>270</strong></span> <span class='ocrx_word' id='word_1_2' title='bbox 542 739 751 793; x_wconf 83' lang='lat' dir='ltr'><strong>nrsrnmuu</strong></span> <span class='ocrx_word' id='word_1_3' title='bbox 773 738 880 792; x_wconf 73' lang='lat' dir='ltr'><strong>Anca</strong></span> <span class='ocrx_word' id='word_1_4' title='bbox 900 730 1021 793; x_wconf 80' lang='lat' dir='ltr'><strong>noum</strong></span> 
     </span>
    </p>
   </div>
   <div class='ocr_carea' id='block_1_2' title="bbox 278 905 1285 4093">
    <p class='ocr_par' dir='ltr' id='par_1_2' title="bbox 280 905 1285 1776">
     <span class='ocr_line' id='line_1_2' title="bbox 281 905 1285 991; baseline -0.003 -14"><span class='ocrx_word' id='word_1_5' title='bbox 281 909 373 977; x_wconf 89' lang='lat' dir='ltr'><strong>nulla</strong></span> <span class='ocrx_word' id='word_1_6' title='bbox 388 909 422 977; x_wconf 92' lang='lat' dir='ltr'><strong>in</strong></span> <span class='ocrx_word' id='word_1_7' title='bbox 439 909 585 991; x_wconf 86' lang='lat' dir='ltr'><strong>Europae</strong></span> <span class='ocrx_word' id='word_1_8' title='bbox 601 915 698 991; x_wconf 90' lang='lat' dir='ltr'><strong>parte</strong></span> <span class='ocrx_word' id='word_1_9' title='bbox 715 907 769 977; x_wconf 85' lang='lat' dir='ltr'><strong>vel</strong></span> <span class='ocrx_word' id='word_1_10' title='bbox 785 929 893 976; x_wconf 93' lang='lat' dir='ltr'><strong>unum</strong></span> <span class='ocrx_word' id='word_1_11' title='bbox 917 928 1037 976; x_wconf 90' lang='lat' dir='ltr'><strong>eorum</strong></span> <span class='ocrx_word' id='word_1_12' title='bbox 1059 905 1285 975; x_wconf 87' lang='lat' dir='ltr'><strong>adamantum</strong></span> 
     </span>
     <span class='ocr_line' id='line_1_3' title="bbox 281 1006 1285 1090; baseline -0.002 -15"><span class='ocrx_word' id='word_1_13' title='bbox 281 1009 490 1077; x_wconf 91' lang='lat' dir='ltr'><strong>venumdare</strong></span> <span class='ocrx_word' id='word_1_14' title='bbox 522 1029 628 1090; x_wconf 90' lang='lat' dir='ltr'><strong>posse.</strong></span> <span class='ocrx_word' id='word_1_15' title='bbox 655 1007 742 1076; x_wconf 90' lang='lat' dir='ltr'><strong>Hinc</strong></span> <span class='ocrx_word' id='word_1_16' title='bbox 773 1006 1028 1089; x_wconf 89' lang='lat' dir='ltr'><strong>suspicabamur</strong></span> <span class='ocrx_word' id='word_1_17' title='bbox 1056 1006 1219 1075; x_wconf 76' lang='lat' dir='ltr'><strong>futurum</strong></span> <span class='ocrx_word' id='word_1_18' title='bbox 1243 1010 1285 1074; x_wconf 92' lang='lat' dir='ltr'><strong>ut</strong></span> 
     </span>
     <span class='ocr_line' id='line_1_4' title="bbox 280 1104 1283 1189; baseline -0.001 -14"><span class='ocrx_word' id='word_1_19' title='bbox 280 1108 358 1189; x_wconf 92' lang='lat' dir='ltr'><strong>huc,</strong></span> <span class='ocrx_word' id='word_1_20' title='bbox 373 1108 407 1176; x_wconf 91' lang='lat' dir='ltr'><strong>in</strong></span> <span class='ocrx_word' id='word_1_21' title='bbox 422 1108 627 1189; x_wconf 88' lang='lat' dir='ltr'><strong>Americam,</strong></span> <span class='ocrx_word' id='word_1_22' title='bbox 642 1130 700 1177; x_wconf 89' lang='lat' dir='ltr'><strong>eos</strong></span> <span class='ocrx_word' id='word_1_23' title='bbox 715 1108 944 1176; x_wconf 81' lang='lat' dir='ltr'><strong>translaturus</strong></span> <span class='ocrx_word' id='word_1_24' title='bbox 966 1113 1064 1187; x_wconf 88' lang='lat' dir='ltr'><strong>esset,</strong></span> <span class='ocrx_word' id='word_1_25' title='bbox 1083 1112 1119 1175; x_wconf 92' lang='lat' dir='ltr'><strong>et</strong></span> <span class='ocrx_word' id='word_1_26' title='bbox 1133 1104 1211 1175; x_wconf 93' lang='lat' dir='ltr'><strong>ideo</strong></span> <span class='ocrx_word' id='word_1_27' title='bbox 1225 1126 1283 1175; x_wconf 77' lang='lat' dir='ltr'><strong>ve</strong></span> 
     </span>
     <span class='ocr_line' id='line_1_5' title="bbox 281 1204 1285 1290; baseline -0.002 -14"><span class='ocrx_word' id='word_1_28' title='bbox 281 1214 391 1276; x_wconf 88' lang='lat' dir='ltr'><strong>strum</strong></span> <span class='ocrx_word' id='word_1_29' title='bbox 406 1208 554 1277; x_wconf 87' lang='lat' dir='ltr'><strong>officium</strong></span> <span class='ocrx_word' id='word_1_30' title='bbox 570 1207 759 1290; x_wconf 89' lang='lat' dir='ltr'><strong>portorium</strong></span> <span class='ocrx_word' id='word_1_31' title='bbox 775 1206 817 1276; x_wconf 93' lang='lat' dir='ltr'><strong>de</strong></span> <span class='ocrx_word' id='word_1_32' title='bbox 831 1228 872 1276; x_wconf 93' lang='lat' dir='ltr'><strong>eo</strong></span> <span class='ocrx_word' id='word_1_33' title='bbox 887 1205 1093 1275; x_wconf 81' lang='lat' dir='ltr'><strong>edocuimus</strong></span> <span class='ocrx_word' id='word_1_34' title='bbox 1115 1204 1285 1276; x_wconf 81' lang='lat' dir='ltr'><strong>scivimus</strong></span> 
     </span>
     <span class='ocr_line' id='line_1_6' title="bbox 280 1304 1283 1389; baseline -0.001 -14"><span class='ocrx_word' id='word_1_35' title='bbox 280 1308 408 1376; x_wconf 90' lang='lat' dir='ltr'><strong>etenim</strong></span> <span class='ocrx_word' id='word_1_36' title='bbox 423 1330 520 1389; x_wconf 88' lang='lat' dir='ltr'><strong>posse</strong></span> <span class='ocrx_word' id='word_1_37' title='bbox 536 1329 616 1376; x_wconf 93' lang='lat' dir='ltr'><strong>eum</strong></span> <span class='ocrx_word' id='word_1_38' title='bbox 631 1307 685 1376; x_wconf 90' lang='lat' dir='ltr'><strong>hic</strong></span> <span class='ocrx_word' id='word_1_39' title='bbox 701 1328 819 1376; x_wconf 91' lang='lat' dir='ltr'><strong>omnes</strong></span> <span class='ocrx_word' id='word_1_40' title='bbox 832 1305 1041 1386; x_wconf 89' lang='lat' dir='ltr'><strong>adamantes,</strong></span> <span class='ocrx_word' id='word_1_41' title='bbox 1059 1304 1200 1388; x_wconf 91' lang='lat' dir='ltr'><strong>dempto</strong></span> <span class='ocrx_word' id='word_1_42' title='bbox 1213 1326 1283 1373; x_wconf 88' lang='lat' dir='ltr'><strong>ma·</strong></span> 
     </span>
     <span class='ocr_line' id='line_1_7' title="bbox 280 1405 1282 1489; baseline -0.001 -14"><span class='ocrx_word' id='word_1_43' title='bbox 280 1407 380 1481; x_wconf 80' lang='lat' dir='ltr'><strong>ximo.</strong></span> <span class='ocrx_word' id='word_1_44' title='bbox 396 1407 500 1476; x_wconf 89' lang='lat' dir='ltr'><strong>etiam</strong></span> <span class='ocrx_word' id='word_1_45' title='bbox 516 1407 635 1476; x_wconf 90' lang='lat' dir='ltr'><strong>cariori</strong></span> <span class='ocrx_word' id='word_1_46' title='bbox 652 1428 755 1489; x_wconf 81' lang='lat' dir='ltr'><strong>quam</strong></span> <span class='ocrx_word' id='word_1_47' title='bbox 779 1407 815 1475; x_wconf 94' lang='lat' dir='ltr'><strong>in</strong></span> <span class='ocrx_word' id='word_1_48' title='bbox 830 1406 967 1488; x_wconf 83' lang='lat' dir='ltr'><strong>Europa</strong></span> <span class='ocrx_word' id='word_1_49' title='bbox 981 1405 1100 1488; x_wconf 86' lang='lat' dir='ltr'><strong>pretio,</strong></span> <span class='ocrx_word' id='word_1_50' title='bbox 1123 1426 1164 1475; x_wconf 91' lang='lat' dir='ltr'><strong>ac</strong></span> <span class='ocrx_word' id='word_1_51' title='bbox 1185 1426 1282 1488; x_wconf 86' lang='lat' dir='ltr'><strong>paene</strong></span> 
     </span>
     <span class='ocr_line' id='line_1_8' title="bbox 280 1505 1282 1590; baseline -0.001 -15"><span class='ocrx_word' id='word_1_52' title='bbox 280 1507 352 1575; x_wconf 91' lang='lat' dir='ltr'><strong>sine</strong></span> <span class='ocrx_word' id='word_1_53' title='bbox 368 1507 436 1576; x_wconf 92' lang='lat' dir='ltr'><strong>ullo</strong></span> <span class='ocrx_word' id='word_1_54' title='bbox 452 1507 600 1576; x_wconf 91' lang='lat' dir='ltr'><strong>vendere</strong></span> <span class='ocrx_word' id='word_1_55' title='bbox 615 1507 774 1590; x_wconf 91' lang='lat' dir='ltr'><strong>periculo.</strong></span> <span class='ocrx_word' id='word_1_56' title='bbox 797 1505 856 1576; x_wconf 87' lang='lat' dir='ltr'><strong>Uti</strong></span> <span class='ocrx_word' id='word_1_57' title='bbox 871 1505 969 1575; x_wconf 90' lang='lat' dir='ltr'><strong>nobis</strong></span> <span class='ocrx_word' id='word_1_58' title='bbox 993 1526 1282 1588; x_wconf 87' lang='lat' dir='ltr'><strong>persuaseramus,</strong></span> 
     </span>
     <span class='ocr_line' id='line_1_9' title="bbox 280 1604 1284 1689; baseline -0.001 -14"><span class='ocrx_word' id='word_1_59' title='bbox 280 1629 360 1676; x_wconf 90' lang='lat' dir='ltr'><strong>eum</strong></span> <span class='ocrx_word' id='word_1_60' title='bbox 375 1607 419 1676; x_wconf 90' lang='lat' dir='ltr'><strong>ab</strong></span> <span class='ocrx_word' id='word_1_61' title='bbox 435 1607 526 1675; x_wconf 90' lang='lat' dir='ltr'><strong>omni</strong></span> <span class='ocrx_word' id='word_1_62' title='bbox 541 1607 690 1689; x_wconf 91' lang='lat' dir='ltr'><strong>emporio</strong></span> <span class='ocrx_word' id='word_1_63' title='bbox 705 1606 956 1676; x_wconf 87' lang='lat' dir='ltr'><strong>interclusimus</strong></span> <span class='ocrx_word' id='word_1_64' title='bbox 981 1641 1022 1650; x_wconf 97' lang='lat'><em>-</em></span> <span class='ocrx_word' id='word_1_65' title='bbox 1048 1626 1157 1689; x_wconf 85' lang='lat' dir='ltr'><strong>quum</strong></span> <span class='ocrx_word' id='word_1_66' title='bbox 1180 1604 1284 1689; x_wconf 90' lang='lat' dir='ltr'><strong>proti·</strong></span> 
     </span>
     <span class='ocr_line' id='line_1_10' title="bbox 280 1706 843 1776; baseline 0 0"><span class='ocrx_word' id='word_1_67' title='bbox 280 1729 346 1776; x_wconf 93' lang='lat' dir='ltr'><strong>nus</strong></span> <span class='ocrx_word' id='word_1_68' title='bbox 360 1707 465 1775; x_wconf 91' lang='lat' dir='ltr'><strong>oculis</strong></span> <span class='ocrx_word' id='word_1_69' title='bbox 479 1707 603 1775; x_wconf 91' lang='lat' dir='ltr'><strong>nostris</strong></span> <span class='ocrx_word' id='word_1_70' title='bbox 618 1729 655 1776; x_wconf 93' lang='lat' dir='ltr'><strong>se</strong></span> <span class='ocrx_word' id='word_1_71' title='bbox 670 1706 843 1776; x_wconf 77' lang='lat' dir='ltr'><strong>subduxit</strong></span> 
     </span>
    </p>

    <p class='ocr_par' dir='ltr' id='par_1_3' title="bbox 279 1804 1282 2587">
     <span class='ocr_line' id='line_1_11' title="bbox 363 1804 1281 1888; baseline 0.001 -14"><span class='ocrx_word' id='word_1_72' title='bbox 363 1806 477 1875; x_wconf 86' lang='lat' dir='ltr'><strong>“Binis</strong></span> <span class='ocrx_word' id='word_1_73' title='bbox 488 1807 565 1875; x_wconf 91' lang='lat' dir='ltr'><strong>dein</strong></span> <span class='ocrx_word' id='word_1_74' title='bbox 577 1806 773 1888; x_wconf 88' lang='lat' dir='ltr'><strong>septimanis</strong></span> <span class='ocrx_word' id='word_1_75' title='bbox 785 1806 868 1875; x_wconf 91' lang='lat' dir='ltr'><strong>nihil</strong></span> <span class='ocrx_word' id='word_1_76' title='bbox 880 1804 1281 1876; x_wconf 78' lang='lat' dir='ltr'><strong>deeoexaudiebatru-</strong></span> 
     </span>
     <span class='ocr_line' id='line_1_12' title="bbox 279 1904 1281 1988; baseline 0.001 -14"><span class='ocrx_word' id='word_1_77' title='bbox 279 1914 355 1974; x_wconf 91' lang='lat' dir='ltr'><strong>tum</strong></span> <span class='ocrx_word' id='word_1_78' title='bbox 371 1907 466 1975; x_wconf 85' lang='lat' dir='ltr'><strong>fama</strong></span> <span class='ocrx_word' id='word_1_79' title='bbox 481 1906 523 1975; x_wconf 91' lang='lat' dir='ltr'><strong>de</strong></span> <span class='ocrx_word' id='word_1_80' title='bbox 538 1907 603 1975; x_wconf 89' lang='lat' dir='ltr'><strong>isto</strong></span> <span class='ocrx_word' id='word_1_81' title='bbox 619 1906 750 1975; x_wconf 92' lang='lat' dir='ltr'><strong>Drouet</strong></span> <span class='ocrx_word' id='word_1_82' title='bbox 764 1906 808 1975; x_wconf 93' lang='lat' dir='ltr'><strong>ad</strong></span> <span class='ocrx_word' id='word_1_83' title='bbox 823 1928 886 1975; x_wconf 95' lang='lat' dir='ltr'><strong>nos</strong></span> <span class='ocrx_word' id='word_1_84' title='bbox 901 1904 1031 1987; x_wconf 88' lang='lat' dir='ltr'><strong>perlata</strong></span> <span class='ocrx_word' id='word_1_85' title='bbox 1045 1911 1109 1986; x_wconf 84' lang='lat' dir='ltr'><strong>est,</strong></span> <span class='ocrx_word' id='word_1_86' title='bbox 1135 1912 1281 1988; x_wconf 88' lang='lat' dir='ltr'><strong>punctu·</strong></span> 
     </span>
     <span class='ocr_line' id='line_1_13' title="bbox 280 2004 1280 2088; baseline 0.001 -14"><span class='ocrx_word' id='word_1_87' title='bbox 280 2009 318 2074; x_wconf 75' lang='lat' dir='ltr'><strong>ra</strong></span> <span class='ocrx_word' id='word_1_88' title='bbox 347 2007 382 2075; x_wconf 93' lang='lat' dir='ltr'><strong>in</strong></span> <span class='ocrx_word' id='word_1_89' title='bbox 412 2028 517 2074; x_wconf 91' lang='lat' dir='ltr'><strong>manu</strong></span> <span class='ocrx_word' id='word_1_90' title='bbox 547 2006 753 2088; x_wconf 85' lang='lat' dir='ltr'><strong>interempti.</strong></span> <span class='ocrx_word' id='word_1_91' title='bbox 792 2005 971 2087; x_wconf 89' lang='lat' dir='ltr'><strong>Extemplo</strong></span> <span class='ocrx_word' id='word_1_92' title='bbox 995 2004 1222 2087; x_wconf 80' lang='lat' dir='ltr'><strong>cognovimus</strong></span> <span class='ocrx_word' id='word_1_93' title='bbox 1245 2004 1280 2075; x_wconf 91' lang='lat' dir='ltr'><strong>id</strong></span> 
     </span>
     <span class='ocr_line' id='line_1_14' title="bbox 280 2104 1282 2187; baseline 0 -13"><span class='ocrx_word' id='word_1_94' title='bbox 280 2127 366 2187; x_wconf 94' lang='lat' dir='ltr'><strong>opus</strong></span> <span class='ocrx_word' id='word_1_95' title='bbox 380 2105 548 2174; x_wconf 89' lang='lat' dir='ltr'><strong>Crochard</strong></span> <span class='ocrx_word' id='word_1_96' title='bbox 565 2105 681 2186; x_wconf 84' lang='lat' dir='ltr'><strong>fuisse,</strong></span> <span class='ocrx_word' id='word_1_97' title='bbox 696 2127 775 2174; x_wconf 91' lang='lat' dir='ltr'><strong>nam</strong></span> <span class='ocrx_word' id='word_1_98' title='bbox 791 2105 861 2187; x_wconf 94' lang='lat' dir='ltr'><strong>ipse</strong></span> <span class='ocrx_word' id='word_1_99' title='bbox 883 2106 975 2174; x_wconf 90' lang='lat' dir='ltr'><strong>solus</strong></span> <span class='ocrx_word' id='word_1_100' title='bbox 998 2105 1088 2174; x_wconf 90' lang='lat' dir='ltr'><strong>inter</strong></span> <span class='ocrx_word' id='word_1_101' title='bbox 1111 2104 1210 2175; x_wconf 85' lang='lat' dir='ltr'><strong>vivos</strong></span> <span class='ocrx_word' id='word_1_102' title='bbox 1228 2126 1282 2174; x_wconf 93' lang='lat' dir='ltr'><strong>co·</strong></span> 
     </span>
     <span class='ocr_line' id='line_1_15' title="bbox 279 2204 1280 2286; baseline 0 -12"><span class='ocrx_word' id='word_1_103' title='bbox 279 2206 399 2286; x_wconf 77' lang='lat' dir='ltr'><strong>gnovit</strong></span> <span class='ocrx_word' id='word_1_104' title='bbox 415 2212 583 2274; x_wconf 91' lang='lat' dir='ltr'><strong>secretum</strong></span> <span class='ocrx_word' id='word_1_105' title='bbox 598 2205 721 2274; x_wconf 89' lang='lat' dir='ltr'><strong>veneni</strong></span> <span class='ocrx_word' id='word_1_106' title='bbox 736 2205 875 2273; x_wconf 81' lang='lat' dir='ltr'><strong>familiae</strong></span> <span class='ocrx_word' id='word_1_107' title='bbox 883 2205 925 2274; x_wconf 92' lang='lat' dir='ltr'><strong>de</strong></span> <span class='ocrx_word' id='word_1_108' title='bbox 936 2204 1082 2274; x_wconf 86' lang='lat' dir='ltr'><strong>Medicis</strong></span> <span class='ocrx_word' id='word_1_109' title='bbox 1094 2204 1156 2274; x_wconf 85' lang='lat' dir='ltr'><strong>Est</strong></span> <span class='ocrx_word' id='word_1_110' title='bbox 1163 2211 1280 2275; x_wconf 86' lang='lat' dir='ltr'><strong>autem</strong></span> 
     </span>
     <span class='ocr_line' id='line_1_16' title="bbox 279 2304 1281 2386; baseline 0.002 -13"><span class='ocrx_word' id='word_1_111' title='bbox 279 2306 361 2374; x_wconf 92' lang='lat' dir='ltr'><strong>illud</strong></span> <span class='ocrx_word' id='word_1_112' title='bbox 377 2312 547 2375; x_wconf 89' lang='lat' dir='ltr'><strong>secretum</strong></span> <span class='ocrx_word' id='word_1_113' title='bbox 563 2305 721 2386; x_wconf 87' lang='lat' dir='ltr'><strong>terribile,</strong></span> <span class='ocrx_word' id='word_1_114' title='bbox 736 2305 835 2374; x_wconf 91' lang='lat' dir='ltr'><strong>cuius</strong></span> <span class='ocrx_word' id='word_1_115' title='bbox 849 2327 951 2374; x_wconf 92' lang='lat' dir='ltr'><strong>usum</strong></span> <span class='ocrx_word' id='word_1_116' title='bbox 966 2305 1000 2374; x_wconf 91' lang='lat' dir='ltr'><strong>in</strong></span> <span class='ocrx_word' id='word_1_117' title='bbox 1024 2311 1097 2374; x_wconf 88' lang='lat' dir='ltr'><strong>tota</strong></span> <span class='ocrx_word' id='word_1_118' title='bbox 1120 2326 1184 2374; x_wconf 84' lang='lat' dir='ltr'><strong>sua</strong></span> <span class='ocrx_word' id='word_1_119' title='bbox 1207 2304 1281 2375; x_wconf 85' lang='lat' dir='ltr'><strong>vita</strong></span> 
     </span>
     <span class='ocr_line' id='line_1_17' title="bbox 279 2403 1280 2489; baseline 0.001 -15"><span class='ocrx_word' id='word_1_120' title='bbox 279 2406 382 2474; x_wconf 88' lang='lat' dir='ltr'><strong>semel</strong></span> <span class='ocrx_word' id='word_1_121' title='bbox 398 2413 535 2475; x_wconf 88' lang='lat' dir='ltr'><strong>tantum</strong></span> <span class='ocrx_word' id='word_1_122' title='bbox 549 2405 639 2488; x_wconf 91' lang='lat' dir='ltr'><strong>cepit</strong></span> <span class='ocrx_word' id='word_1_123' title='bbox 653 2441 692 2449; x_wconf 90' lang='lat'>—</span> <span class='ocrx_word' id='word_1_124' title='bbox 708 2412 743 2474; x_wconf 92' lang='lat' dir='ltr'><strong>et</strong></span> <span class='ocrx_word' id='word_1_125' title='bbox 757 2404 820 2473; x_wconf 90' lang='lat' dir='ltr'><strong>hoc</strong></span> <span class='ocrx_word' id='word_1_126' title='bbox 835 2403 1019 2474; x_wconf 91' lang='lat' dir='ltr'><strong>adversum</strong></span> <span class='ocrx_word' id='word_1_127' title='bbox 1033 2403 1206 2474; x_wconf 87' lang='lat' dir='ltr'><strong>hominem</strong></span> <span class='ocrx_word' id='word_1_128' title='bbox 1221 2403 1280 2489; x_wconf 83' lang='lat' dir='ltr'><strong>qui</strong></span> 
     </span>
     <span class='ocr_line' id='line_1_18' title="bbox 280 2505 600 2587; baseline 0.003 -14"><span class='ocrx_word' id='word_1_129' title='bbox 280 2527 358 2573; x_wconf 91' lang='lat' dir='ltr'><strong>eum</strong></span> <span class='ocrx_word' id='word_1_130' title='bbox 375 2505 600 2587; x_wconf 87' lang='lat' dir='ltr'><strong>prodiderat.”</strong></span> 
     </span>
    </p>

    <p class='ocr_par' dir='ltr' id='par_1_4' title="bbox 279 2604 1281 2787">
     <span class='ocr_line' id='line_1_19' title="bbox 364 2604 1281 2687; baseline 0.002 -14"><span class='ocrx_word' id='word_1_131' title='bbox 364 2607 477 2674; x_wconf 89' lang='lat' dir='ltr'><strong>Herus</strong></span> <span class='ocrx_word' id='word_1_132' title='bbox 493 2605 593 2687; x_wconf 79' lang='lat' dir='ltr'><strong>Pigot</strong></span> <span class='ocrx_word' id='word_1_133' title='bbox 617 2605 670 2674; x_wconf 92' lang='lat' dir='ltr'><strong>hic</strong></span> <span class='ocrx_word' id='word_1_134' title='bbox 694 2604 864 2687; x_wconf 88' lang='lat' dir='ltr'><strong>paulisper</strong></span> <span class='ocrx_word' id='word_1_135' title='bbox 885 2604 1046 2686; x_wconf 89' lang='lat' dir='ltr'><strong>constitit,</strong></span> <span class='ocrx_word' id='word_1_136' title='bbox 1069 2624 1281 2687; x_wconf 84' lang='lat' dir='ltr'><strong>manumque</strong></span> 
     </span>
     <span class='ocr_line' id='line_1_20' title="bbox 279 2704 753 2787; baseline -0.002 -14"><span class='ocrx_word' id='word_1_137' title='bbox 279 2726 340 2787; x_wconf 90' lang='lat' dir='ltr'><strong>per</strong></span> <span class='ocrx_word' id='word_1_138' title='bbox 355 2705 505 2773; x_wconf 85' lang='lat' dir='ltr'><strong>frontem</strong></span> <span class='ocrx_word' id='word_1_139' title='bbox 520 2704 753 2787; x_wconf 87' lang='lat' dir='ltr'><strong>praeterduxit.</strong></span> 
     </span>
    </p>

    <p class='ocr_par' dir='ltr' id='par_1_5' title="bbox 278 2803 1283 3975">
     <span class='ocr_line' id='line_1_21' title="bbox 363 2803 1282 2887; baseline 0.002 -14"><span class='ocrx_word' id='word_1_140' title='bbox 363 2803 472 2887; x_wconf 89' lang='lat' dir='ltr'><strong>“Quid</strong></span> <span class='ocrx_word' id='word_1_141' title='bbox 503 2805 592 2872; x_wconf 92' lang='lat' dir='ltr'><strong>inter</strong></span> <span class='ocrx_word' id='word_1_142' title='bbox 619 2804 787 2874; x_wconf 90' lang='lat' dir='ltr'><strong>Crochard</strong></span> <span class='ocrx_word' id='word_1_143' title='bbox 817 2804 1017 2887; x_wconf 85' lang='lat' dir='ltr'><strong>Drouetoue</strong></span> <span class='ocrx_word' id='word_1_144' title='bbox 1041 2804 1282 2887; x_wconf 85' lang='lat' dir='ltr'><strong>intercesserit,</strong></span> 
     </span>
     <span class='ocr_line' id='line_1_22' title="bbox 279 2904 1280 2989; baseline 0.003 -17"><span class='ocrx_word' id='word_1_145' title='bbox 279 2905 466 2986; x_wconf 87' lang='lat' dir='ltr'><strong>perspicere</strong></span> <span class='ocrx_word' id='word_1_146' title='bbox 483 2926 550 2972; x_wconf 92' lang='lat' dir='ltr'><strong>non</strong></span> <span class='ocrx_word' id='word_1_147' title='bbox 567 2905 792 2986; x_wconf 88' lang='lat' dir='ltr'><strong>poteramus,”</strong></span> <span class='ocrx_word' id='word_1_148' title='bbox 819 2905 1036 2987; x_wconf 84' lang='lat' dir='ltr'><strong>prosequitur</strong></span> <span class='ocrx_word' id='word_1_149' title='bbox 1050 2904 1156 2974; x_wconf 90' lang='lat' dir='ltr'><strong>herus</strong></span> <span class='ocrx_word' id='word_1_150' title='bbox 1168 2904 1280 2989; x_wconf 79' lang='lat' dir='ltr'><strong>Pigot</strong></span> 
     </span>
     <span class='ocr_line' id='line_1_23' title="bbox 279 3004 1280 3087; baseline 0.004 -16"><span class='ocrx_word' id='word_1_151' title='bbox 279 3004 431 3072; x_wconf 88' lang='lat' dir='ltr'><strong>“Drouet</strong></span> <span class='ocrx_word' id='word_1_152' title='bbox 446 3004 583 3086; x_wconf 89' lang='lat' dir='ltr'><strong>quidem</strong></span> <span class='ocrx_word' id='word_1_153' title='bbox 599 3004 799 3086; x_wconf 89' lang='lat' dir='ltr'><strong>popinarum</strong></span> <span class='ocrx_word' id='word_1_154' title='bbox 815 3011 889 3073; x_wconf 92' lang='lat' dir='ltr'><strong>erat</strong></span> <span class='ocrx_word' id='word_1_155' title='bbox 914 3005 1050 3087; x_wconf 85' lang='lat' dir='ltr'><strong>assecla,</strong></span> <span class='ocrx_word' id='word_1_156' title='bbox 1071 3025 1141 3074; x_wconf 92' lang='lat' dir='ltr'><strong>non</strong></span> <span class='ocrx_word' id='word_1_157' title='bbox 1163 3012 1280 3075; x_wconf 83' lang='lat' dir='ltr'><strong>tamen</strong></span> 
     </span>
     <span class='ocr_line' id='line_1_24' title="bbox 279 3103 1283 3185; baseline 0.003 -13"><span class='ocrx_word' id='word_1_158' title='bbox 279 3105 486 3173; x_wconf 84' lang='lat' dir='ltr'><strong>malefactor.</strong></span> <span class='ocrx_word' id='word_1_159' title='bbox 508 3104 598 3172; x_wconf 87' lang='lat' dir='ltr'><strong>Turn</strong></span> <span class='ocrx_word' id='word_1_160' title='bbox 614 3104 707 3172; x_wconf 86' lang='lat' dir='ltr'><strong>fama</strong></span> <span class='ocrx_word' id='word_1_161' title='bbox 722 3104 840 3173; x_wconf 90' lang='lat' dir='ltr'><strong>mortis</strong></span> <span class='ocrx_word' id='word_1_162' title='bbox 855 3104 970 3185; x_wconf 88' lang='lat' dir='ltr'><strong>Morel,</strong></span> <span class='ocrx_word' id='word_1_163' title='bbox 993 3103 1139 3174; x_wconf 91' lang='lat' dir='ltr'><strong>hominis</strong></span> <span class='ocrx_word' id='word_1_164' title='bbox 1153 3104 1283 3175; x_wconf 86' lang='lat' dir='ltr'><strong>nullius</strong></span> 
     </span>
     <span class='ocr_line' id='line_1_25' title="bbox 278 3203 1279 3287; baseline 0.003 -15"><span class='ocrx_word' id='word_1_165' title='bbox 278 3205 400 3285; x_wconf 79' lang='lat' dir='ltr'><strong>frugis,</strong></span> <span class='ocrx_word' id='word_1_166' title='bbox 424 3203 643 3285; x_wconf 88' lang='lat' dir='ltr'><strong>percrebruit,</strong></span> <span class='ocrx_word' id='word_1_167' title='bbox 668 3203 702 3271; x_wconf 92' lang='lat' dir='ltr'><strong>in</strong></span> <span class='ocrx_word' id='word_1_168' title='bbox 726 3203 913 3273; x_wconf 89' lang='lat' dir='ltr'><strong>tentamine</strong></span> <span class='ocrx_word' id='word_1_169' title='bbox 940 3203 1002 3274; x_wconf 88' lang='lat' dir='ltr'><strong>hac</strong></span> <span class='ocrx_word' id='word_1_170' title='bbox 1028 3225 1108 3274; x_wconf 88' lang='lat' dir='ltr'><strong>arca</strong></span> <span class='ocrx_word' id='word_1_171' title='bbox 1122 3204 1279 3287; x_wconf 89' lang='lat' dir='ltr'><strong>potiundi</strong></span> 
     </span>
     <span class='ocr_line' id='line_1_26' title="bbox 279 3304 1283 3387; baseline 0.002 -14"><span class='ocrx_word' id='word_1_172' title='bbox 279 3305 387 3383; x_wconf 90' lang='lat' dir='ltr'><strong>occisi,</strong></span> <span class='ocrx_word' id='word_1_173' title='bbox 399 3326 505 3386; x_wconf 87' lang='lat' dir='ltr'><strong>quum</strong></span> <span class='ocrx_word' id='word_1_174' title='bbox 516 3325 586 3372; x_wconf 91' lang='lat' dir='ltr'><strong>rem</strong></span> <span class='ocrx_word' id='word_1_175' title='bbox 602 3304 789 3386; x_wconf 90' lang='lat' dir='ltr'><strong>perspicere</strong></span> <span class='ocrx_word' id='word_1_176' title='bbox 804 3304 978 3387; x_wconf 79' lang='lat' dir='ltr'><strong>coepImus</strong></span> <span class='ocrx_word' id='word_1_177' title='bbox 989 3304 1152 3375; x_wconf 82' lang='lat' dir='ltr'><strong>Posthaec</strong></span> <span class='ocrx_word' id='word_1_178' title='bbox 1162 3304 1205 3375; x_wconf 89' lang='lat' dir='ltr'><strong>de</strong></span> <span class='ocrx_word' id='word_1_179' title='bbox 1216 3305 1283 3375; x_wconf 84' lang='lat' dir='ltr'><strong>ista</strong></span> 
     </span>
     <span class='ocr_line' id='line_1_27' title="bbox 278 3403 1279 3488; baseline 0.004 -15"><span class='ocrx_word' id='word_1_180' title='bbox 278 3427 356 3473; x_wconf 87' lang='lat' dir='ltr'><strong>arca</strong></span> <span class='ocrx_word' id='word_1_181' title='bbox 379 3404 537 3472; x_wconf 89' lang='lat' dir='ltr'><strong>sciscitari</strong></span> <span class='ocrx_word' id='word_1_182' title='bbox 563 3403 745 3486; x_wconf 82' lang='lat' dir='ltr'><strong>coepimus;</strong></span> <span class='ocrx_word' id='word_1_183' title='bbox 776 3403 970 3473; x_wconf 88' lang='lat' dir='ltr'><strong>audivimus</strong></span> <span class='ocrx_word' id='word_1_184' title='bbox 993 3404 1067 3475; x_wconf 91' lang='lat' dir='ltr'><strong>eius</strong></span> <span class='ocrx_word' id='word_1_185' title='bbox 1088 3404 1279 3488; x_wconf 87' lang='lat' dir='ltr'><strong>historiam,</strong></span> 
     </span>
     <span class='ocr_line' id='line_1_28' title="bbox 278 3503 1280 3589; baseline 0.004 -17"><span class='ocrx_word' id='word_1_186' title='bbox 278 3504 388 3586; x_wconf 84' lang='lat' dir='ltr'><strong>deque</strong></span> <span class='ocrx_word' id='word_1_187' title='bbox 402 3503 475 3572; x_wconf 91' lang='lat' dir='ltr'><strong>eius</strong></span> <span class='ocrx_word' id='word_1_188' title='bbox 491 3510 664 3572; x_wconf 86' lang='lat' dir='ltr'><strong>structura</strong></span> <span class='ocrx_word' id='word_1_189' title='bbox 679 3511 818 3584; x_wconf 90' lang='lat' dir='ltr'><strong>secreta,</strong></span> <span class='ocrx_word' id='word_1_190' title='bbox 834 3504 925 3573; x_wconf 91' lang='lat' dir='ltr'><strong>unde</strong></span> <span class='ocrx_word' id='word_1_191' title='bbox 941 3504 1034 3574; x_wconf 88' lang='lat' dir='ltr'><strong>licuit</strong></span> <span class='ocrx_word' id='word_1_192' title='bbox 1045 3504 1142 3575; x_wconf 92' lang='lat' dir='ltr'><strong>nobis</strong></span> <span class='ocrx_word' id='word_1_193' title='bbox 1151 3504 1280 3589; x_wconf 85' lang='lat' dir='ltr'><strong>aliquid</strong></span> 
     </span>
     <span class='ocr_line' id='line_1_29' title="bbox 279 3603 1278 3688; baseline 0.003 -15"><span class='ocrx_word' id='word_1_194' title='bbox 279 3605 362 3673; x_wconf 88' lang='lat' dir='ltr'><strong>certi</strong></span> <span class='ocrx_word' id='word_1_195' title='bbox 375 3604 585 3672; x_wconf 90' lang='lat' dir='ltr'><strong>concludere.</strong></span> <span class='ocrx_word' id='word_1_196' title='bbox 607 3603 660 3672; x_wconf 82' lang='lat' dir='ltr'><strong>Ad</strong></span> <span class='ocrx_word' id='word_1_197' title='bbox 686 3604 749 3673; x_wconf 93' lang='lat' dir='ltr'><strong>hoc</strong></span> <span class='ocrx_word' id='word_1_198' title='bbox 771 3626 854 3686; x_wconf 83' lang='lat' dir='ltr'><strong>ergo</strong></span> <span class='ocrx_word' id='word_1_199' title='bbox 880 3604 1137 3688; x_wconf 89' lang='lat' dir='ltr'><strong>explorandum,</strong></span> <span class='ocrx_word' id='word_1_200' title='bbox 1158 3613 1278 3677; x_wconf 90' lang='lat' dir='ltr'><strong>utrum</strong></span> 
     </span>
     <span class='ocr_line' id='line_1_30' title="bbox 278 3704 1279 3788; baseline 0.004 -14"><span class='ocrx_word' id='word_1_201' title='bbox 278 3705 447 3774; x_wconf 91' lang='lat' dir='ltr'><strong>conclusio</strong></span> <span class='ocrx_word' id='word_1_202' title='bbox 473 3712 589 3773; x_wconf 90' lang='lat' dir='ltr'><strong>nostra</strong></span> <span class='ocrx_word' id='word_1_203' title='bbox 612 3705 752 3785; x_wconf 90' lang='lat' dir='ltr'><strong>valeret,</strong></span> <span class='ocrx_word' id='word_1_204' title='bbox 776 3704 942 3788; x_wconf 88' lang='lat' dir='ltr'><strong>firmoque</strong></span> <span class='ocrx_word' id='word_1_205' title='bbox 964 3705 1133 3775; x_wconf 90' lang='lat' dir='ltr'><strong>niteretur</strong></span> <span class='ocrx_word' id='word_1_206' title='bbox 1154 3706 1279 3779; x_wconf 82' lang='lat' dir='ltr'><strong>funda·</strong></span> 
     </span>
     <span class='ocr_line' id='line_1_31' title="bbox 279 3805 1282 3887; baseline 0.004 -13"><span class='ocrx_word' id='word_1_207' title='bbox 279 3812 403 3885; x_wconf 87' lang='lat' dir='ltr'><strong>mento,</strong></span> <span class='ocrx_word' id='word_1_208' title='bbox 420 3805 453 3872; x_wconf 92' lang='lat' dir='ltr'><strong>in</strong></span> <span class='ocrx_word' id='word_1_209' title='bbox 469 3827 572 3873; x_wconf 87' lang='lat' dir='ltr'><strong>causa</strong></span> <span class='ocrx_word' id='word_1_210' title='bbox 586 3812 660 3873; x_wconf 90' lang='lat' dir='ltr'><strong>erat</strong></span> <span class='ocrx_word' id='word_1_211' title='bbox 675 3826 780 3886; x_wconf 86' lang='lat' dir='ltr'><strong>quare</strong></span> <span class='ocrx_word' id='word_1_212' title='bbox 804 3828 868 3887; x_wconf 80' lang='lat' dir='ltr'><strong>ego</strong></span> <span class='ocrx_word' id='word_1_213' title='bbox 894 3805 928 3873; x_wconf 91' lang='lat' dir='ltr'><strong>in</strong></span> <span class='ocrx_word' id='word_1_214' title='bbox 954 3805 1146 3876; x_wconf 87' lang='lat' dir='ltr'><strong>Americam</strong></span> <span class='ocrx_word' id='word_1_215' title='bbox 1170 3807 1282 3879; x_wconf 89' lang='lat' dir='ltr'><strong>venis·</strong></span> 
     </span>
     <span class='ocr_line' id='line_1_32' title="bbox 280 3906 382 3975; baseline 0.01 -44"><span class='ocrx_word' id='word_1_216' title='bbox 280 3906 382 3975; x_wconf 43' lang='lat' dir='ltr'><strong>semp</strong></span> 
     </span>
    </p>

    <p class='ocr_par' dir='ltr' id='par_1_6' title="bbox 364 4004 1283 4093">
     <span class='ocr_line' id='line_1_33' title="bbox 364 4004 1283 4093; baseline 0.008 -20"><span class='ocrx_word' id='word_1_217' title='bbox 364 4004 552 4088; x_wconf 87' lang='lat' dir='ltr'><strong>“Quaenam</strong></span> <span class='ocrx_word' id='word_1_218' title='bbox 583 4026 666 4088; x_wconf 76' lang='lat' dir='ltr'><strong>ergo</strong></span> <span class='ocrx_word' id='word_1_219' title='bbox 691 4005 860 4076; x_wconf 91' lang='lat' dir='ltr'><strong>conclusio</strong></span> <span class='ocrx_word' id='word_1_220' title='bbox 880 4005 977 4075; x_wconf 80' lang='lat' dir='ltr'><strong>cst?”</strong></span> <span class='ocrx_word' id='word_1_221' title='bbox 1007 4006 1131 4090; x_wconf 85' lang='lat' dir='ltr'><strong>quaerit</strong></span> <span class='ocrx_word' id='word_1_222' title='bbox 1154 4008 1283 4093; x_wconf 87' lang='lat' dir='ltr'><strong>Grady,</strong></span> 
     </span>
    </p>
   </div>
   <div class='ocr_carea' id='block_1_3' title="bbox 0 0 1568 5016">
    <p class='ocr_par' dir='ltr' id='par_1_7' title="bbox 0 0 1568 5016">
     <span class='ocr_line' id='line_1_34' title="bbox 0 0 1568 5016; baseline 0 1"><span class='ocrx_word' id='word_1_223' title='bbox 0 0 1568 5016; x_wconf 95' lang='lat' dir='ltr'><strong> </strong></span> 
     </span>
    </p>
   </div>
  </div>
 </body>
</html>
