3150 5468
690 2336 842 2406 CAPUT
862 2336 942 2406 XIX

734 2519 897 2591 “Mors''

394 2706 689 2775 PRAESUMENDUM
705 2713 779 2773 erat
795 2705 957 2774 futurum
973 2713 1013 2773 ut
1029 2705 1132 2787 pedes
1147 2704 1223 2786 mei,
1238 2704 1315 2774 abs

311 2828 378 2888 que
393 2806 525 2874 conscio
542 2805 619 2873 nisu
635 2827 720 2887 meu,
729 2827 784 2874 me
799 2827 934 2874 sursum
947 2806 1098 2874 Plateam
1110 2811 1316 2886 currentem,

310 2907 354 2975 ad
369 2907 535 2988 angulum
550 2905 615 2973 viae
629 2906 835 2986 conferrent,
851 2905 909 2973 ubi
921 2905 1087 2987 pilentum
1097 2905 1248 2987 Godfrey
1258 2926 1317 2974 ve·

311 3006 405 3088 hens,
417 3013 452 3075 et
463 3005 528 3074 iter
539 3006 573 3074 in
585 3013 816 3074 transversam
834 3005 924 3073 viam
950 3005 1090 3074 flectens
1106 3026 1314 3087 assequeren

309 3128 372 3175 nec
386 3114 501 3175 tamen
518 3106 588 3174 sine
605 3105 809 3187 aegritudine
833 3104 936 3172 animi
962 3104 1164 3187 reputabam
1188 3126 1243 3173 me
1267 3104 1314 3174 sic

310 3228 457 3287 cursare,
473 3205 564 3288 quod
580 3227 702 3287 nempe
718 3205 872 3275 conscius
887 3227 981 3274 eram
1003 3205 1153 3287 Godfrey
1178 3226 1314 3275 mecum

310 3329 377 3375 non
394 3306 532 3376 omnino
547 3307 659 3388 palam
674 3313 709 3374 et
725 3314 841 3388 aperte
857 3305 976 3387 egisse.
989 3305 1140 3386 Constat,
1149 3306 1316 3387 profecto,

310 3429 346 3477 se
362 3406 514 3475 Armand
530 3406 625 3488 sequi
642 3407 737 3487 velle,
753 3406 960 3474 nulloverbo
972 3405 1166 3488 prodidisse;
1177 3426 1315 3474 causam

310 3515 424 3576 tamen
440 3507 510 3589 ipse
525 3506 608 3574 mihi
624 3505 705 3574 finxi
721 3506 755 3574 id
772 3506 849 3574 inde
864 3506 936 3574 fieri
951 3505 1111 3588 potuisse,
1139 3505 1231 3587 quod
1245 3527 1315 3574 mu

309 3607 472 3675 nitionem
487 3629 632 3688 omnem,
648 3607 682 3674 in
699 3606 863 3675 eiusmodi
879 3628 994 3676 rerum
1024 3613 1129 3687 statu,
1152 3627 1315 3688 superva-

307 3728 447 3776 caneam
461 3707 696 3775 existimasset.
724 3707 836 3775 Etiam
852 3728 991 3789 aequum
1006 3713 1080 3775 erat
1104 3728 1125 3773 a
1150 3727 1206 3774 me
1230 3704 1314 3774 divi·

307 3807 381 3875 nari
393 3829 482 3887 eum,
492 3806 624 3874 etiamsi
640 3807 711 3889 ipse
727 3828 763 3874 se
779 3807 892 3874 minus
907 3806 974 3875 iam
989 3828 1109 3876 curare
1124 3804 1231 3874 videri
1244 3803 1313 3873 vel·

307 3907 364 3988 let,
379 3928 570 3989 passurum,
586 3914 626 3974 ut
642 3928 721 3974 arca
736 3906 798 3975 sibi
815 3906 863 3974 ita
878 3907 1079 3988 eriperetur,
1103 3904 1196 3975 haud
1220 3925 1312 3985 esse;

307 4006 399 4089 quod
413 4029 496 4075 vero
512 4014 626 4075 ratum
642 4006 871 4074 existimasset
886 4013 926 4074 ut
942 4027 1007 4086 ego
1023 4026 1137 4074 arcam
1151 4005 1234 4074 hero
1250 4005 1313 4073 Ar·

305 4107 408 4175 mand
424 4106 583 4175 dederem
598 4106 677 4174 inde
692 4105 765 4173 fieri
780 4105 879 4186 sensi,
894 4104 986 4186 quod
1002 4111 1079 4186 post
1093 4104 1243 4173 deditam
1258 4125 1312 4172 ar·

307 4229 381 4275 cam
397 4206 462 4275 alia
476 4206 555 4274 inde
570 4212 695 4274 eventa
711 4214 871 4274 secutura
886 4212 1048 4286 speraret.

390 4307 436 4375 At
451 4328 543 4374 nunc
558 4305 695 4373 demum
711 4313 745 4373 et
761 4304 842 4372 mihi
858 4305 973 4372 lumen
989 4304 1101 4372 animo
1127 4303 1254 4372 subivit
1275 4309 1311 4372 et

307 4406 474 4475 reminisci
500 4405 586 4487 coepi
612 4427 667 4473 me
693 4426 828 4486 quoque
854 4405 959 4472 latere
985 4426 1054 4486 quo
1078 4403 1216 4472 tandem
1231 4423 1311 4472 arca

306 4505 554 4576 deveheretur!
577 4504 614 4574 Id
630 4505 673 4573 ab
688 4504 771 4573 hero
786 4504 938 4573 Armand
955 4504 1145 4586 percontari
1160 4524 1228 4572 non
1249 4501 1311 4572 mi·
