3128 5016
508 811 727 867 mmmmm
749 809 1042 866 mensamumn
1216 793 1279 863 281

363 980 483 1051 “istud
499 981 582 1051 satis
596 980 661 1050 erit
675 980 827 1064 aptum,”
842 981 950 1050 fatur.
973 979 1152 1050 “Reconde
1163 981 1209 1051 sis
1223 1002 1281 1051 eas

278 1081 346 1152 huc
354 1103 363 1164 ;
385 1103 450 1165 ego
465 1081 601 1150 interim
616 1081 845 1162 argentariam
860 1080 1045 1164 appellabo,
1060 1081 1281 1164 forulumque

279 1182 407 1251 fortem
421 1181 655 1263 comparabo.”

362 1297 555 1369 Simmonds
579 1304 684 1380 atque
709 1296 810 1379 Pigot
834 1297 1024 1380 manipulos
1048 1318 1174 1380 magna
1198 1318 1282 1367 cura

279 1397 556 1468 convolvitarunt
582 1404 618 1466 et
642 1397 678 1466 in
701 1397 817 1467 vidulo
841 1397 1090 1480 disposuerunt,
1112 1397 1196 1467 dum
1217 1418 1282 1480 ego

279 1499 353 1568 iere
377 1497 581 1580 obstupidus
606 1497 848 1580 inspectabam.
871 1497 995 1566 Animo
1020 1519 1155 1567 mecum
1169 1497 1280 1566 irrita·

282 1605 399 1668 menta
414 1604 590 1667 tantarum
612 1597 916 1681 pulchritudinum,
941 1619 1021 1681 quae
1044 1597 1147 1666 tidem
1171 1597 1282 1667 cuius·

282 1720 417 1781 cunque
432 1705 567 1767 tentare
582 1705 729 1780 possent,
745 1697 846 1767 silens
861 1698 1073 1781 reputabam.
1099 1697 1172 1767 Nec
1197 1697 1282 1767 adeo

281 1799 430 1882 pretium
456 1799 619 1881 valorque
645 1819 860 1881 gemmarum
886 1820 941 1868 me
966 1804 1227 1868 commoverunt
1241 1833 1283 1843 -

280 1899 322 1969 de
337 1921 378 1969 ea
392 1899 483 1968 enim
497 1920 534 1968 re
549 1899 609 1968 vix
623 1898 791 1982 cogitavi;
814 1899 873 1968 sed
888 1899 1023 1982 fulgida
1043 1899 1224 1969 emicantia
1237 1898 1280 1967 al·

281 2000 418 2079 lectam,
442 2020 521 2081 quae
546 1998 761 2081 phantasiam
787 1998 822 2067 in
848 2020 904 2067 me
929 1999 1126 2068 suscitabat.
1151 1998 1239 2081 Quid
1255 1998 1283 2067 si

281 2121 367 2168 meae
381 2098 513 2168 essent?
535 2099 646 2182 Quam
661 2120 795 2181 possem
810 2120 868 2167 eas
883 2098 997 2181 digitis
1012 2106 1232 2180 contrectare,
1248 2105 1283 2169 et

282 2199 396 2268 oculos
408 2198 442 2267 in
458 2198 498 2267 iis
513 2220 650 2281 pascere
667 2206 707 2267 ut
721 2198 786 2267 sub
800 2198 928 2267 lumine
950 2206 1136 2268 tremerent
1150 2206 1186 2268 et
1201 2198 1284 2268 ruti·

281 2298 401 2368 tarent!

365 2398 488 2468 “Certe
503 2398 651 2481 Magnus
664 2398 743 2466 Dux
759 2397 903 2467 Michael
912 2398 1096 2468 admodum
1108 2399 1285 2482 perturba·

282 2499 392 2569 tussit
403 2499 567 2582 oportet‚'’
583 2506 681 2568 notat
695 2498 895 2580 Simmonds,
911 2499 980 2581 qui,
996 2499 1079 2568 dum
1090 2499 1203 2569 omnia
1211 2499 1285 2569 haec

282 2607 477 2682 agerentur,
494 2621 536 2668 ex
550 2599 733 2668 serenitate
748 2598 852 2668 animi
873 2599 1059 2681 nativoque
1074 2600 1187 2683 lepore
1201 2599 1285 2669 nihii

283 2699 453 2769 amiserat.

367 2797 529 2867 “Furioso
544 2798 618 2867 fere
634 2805 709 2867 erat
724 2798 871 2879 similis‚”
886 2798 1060 2881 respondit
1070 2798 1175 2869 herus
1185 2798 1286 2883 Pigot

283 2898 348 2968 leni
365 2898 436 2967 risu
452 2919 555 2980 super
570 2898 656 2968 sicca
671 2897 862 2969 Simmonds
887 2898 1003 2968 verba.
1031 2897 1115 2968 “Hae
1139 2920 1285 2983 gemmae

285 2999 441 3080 voluptas
456 3019 495 3066 ac
511 2997 636 3066 delitiae
650 2998 754 3066 animi
770 2998 844 3067 eius
858 2998 1020 3079 fuerunt;
1042 2997 1105 3068 has
1118 2999 1193 3069 iere
1208 2999 1286 3069 ado

283 3098 382 3179 ravit,
399 3120 434 3167 se
450 3097 493 3166 ab
508 3097 561 3166 his
576 3119 754 3179 nunquam
769 3097 883 3166 divelli
897 3098 988 3179 sivit,
1003 3120 1066 3168 nec
1082 3098 1136 3168 die
1150 3120 1212 3168 nec
1227 3120 1286 3168 no

282 3205 345 3278 cte;
356 3219 560 3280 quocunque
576 3219 612 3266 se
627 3198 822 3278 diverterat,
832 3197 894 3266 has
909 3219 1041 3280 semper
1056 3220 1172 3268 secum
1185 3198 1286 3268 habe·

284 3319 322 3366 ra
338 3297 476 3367 solebat.
488 3298 603 3376 Quum
616 3298 671 3366 vel
687 3297 834 3366 maxima
845 3304 1060 3379 premeretur
1068 3299 1287 3382 pecuniaepe·

284 3397 473 3467 nuria-sic
489 3418 571 3466 vero
586 3396 679 3465 haud
689 3418 765 3466 raro
774 3397 881 3479 premi
891 3398 1286 3482 consuevit-nunquam

284 3499 340 3567 vei
366 3498 502 3567 unicam
533 3519 747 3579 gemmarum
776 3498 1009 3567 venumdedit.
1047 3499 1128 3581 Imo,
1158 3506 1287 3581 contra,

283 3598 559 3680 quandocunque
573 3599 754 3666 numerata
769 3597 922 3666 abundat
937 3598 1091 3681 pecunia,
1112 3606 1174 3668 aut
1196 3598 1285 3681 fide,¹

284 3697 479 3780 lapidesque
505 3697 651 3778 idgenus
675 3697 819 3766 insolitae
840 3697 1102 3779 pulchritudinis
1123 3706 1287 3781 prostant,

284 3798 365 3879 ipse,
382 3797 515 3867 etiamsi
530 3796 645 3866 debita
661 3796 808 3865 insoluta
823 3805 995 3879 maneant,
1009 3798 1098 3903 quin
1119 3798 1182 3868 hos
1203 3819 1288 3881 prae·

386 4017 408 4067 1.
426 4012 530 4066 Fides:
543 4014 649 4067 scilicet
667 4014 836 4075 mercatoria,
860 4031 914 4081 qua
937 4014 1024 4081 siquis
1049 4015 1159 4081 polleat,
1172 4014 1197 4067 ei
1210 4014 1289 4067 aude·

285 4116 345 4152 mus
359 4115 461 4153 merces
475 4100 645 4159 concredere,
659 4099 804 4165 pecuniam
816 4104 940 4152 mutuam
952 4099 1025 4153 dare.
