3150 5468
333 1238 396 1307 188
595 1256 803 1310 nusrunmu
825 1257 932 1311 anca
953 1251 1072 1312 nouis

413 1422 600 1494 “Postridie
626 1425 734 1495 tristis
760 1427 835 1495 eius
860 1426 1038 1507 eventus,'’
1064 1425 1216 1494 suaviter
1239 1425 1334 1494 latur

329 1524 547 1608 Goldberger,
564 1525 674 1594 “tuin
690 1529 824 1596 Record
848 1526 1019 1609 evulgasti
1043 1526 1201 1609 effigiem,
1228 1547 1332 1608 quarn

329 1632 368 1694 tu
384 1625 457 1694 eius
472 1626 624 1695 mulieris
637 1648 710 1695 esse
725 1627 873 1708 voluisti,
888 1648 966 1709 quae
980 1626 1087 1709 pridie
1102 1626 1236 1710 vesperi
1244 1625 1334 1696 Van·
1380 1638 1383 1645 '

329 1726 399 1795 tine
415 1726 551 1808 viserat,
567 1749 714 1809 quaeque
730 1727 851 1796 ultima
872 1727 1023 1796 creditur
1048 1727 1156 1796 fuisse
1179 1726 1332 1796 omnium

329 1826 388 1908 qui
403 1848 482 1895 eum
499 1826 617 1895 vivum
633 1827 806 1896 vidissent.
829 1827 929 1897 Unde
943 1849 1019 1896 eam
1035 1827 1182 1910 effigiem
1198 1827 1332 1897 obtinu-

328 1925 384 1995 isti
393 1925 430 1994 ?”

412 2024 616 2108 “Exemplar
630 2027 699 2096 fuit
714 2027 787 2096 eius
802 2049 905 2113 quam
932 2027 1062 2097 Drouet
1087 2027 1122 2096 in
1148 2032 1331 2110 pagmento

328 2126 523 2208 horologioli
540 2127 721 2209 gestavit‚”
737 2127 910 2196 resdondit
926 2127 1086 2210 Godfrey.

412 2225 594 2307 “Exinde‚”
610 2227 721 2309 pergit
738 2227 955 2308 Goldberger,
972 2226 1093 2296 “huius
1108 2226 1271 2310 portionis
1278 2246 1332 2295 ca·

329 2329 388 2395 sus
401 2327 530 2395 nullam
544 2326 656 2395 fecisti
672 2327 892 2396 mentionem.
909 2327 1004 2396 Licet
1026 2327 1104 2396 inde
1127 2347 1273 2409 arguere
1295 2332 1330 2394 te

328 2426 536 2496 erravisse?”

412 2525 504 2595 “Imo
519 2533 648 2608 contra,
664 2527 768 2595 etiam
782 2527 923 2609 probavi
939 2548 994 2596 me
1010 2548 1131 2596 verum
1146 2525 1300 2596 dixisse.''

411 2624 557 2695 “Vultus
572 2626 781 2709 Goldberger
796 2627 975 2696 rubescere
989 2627 1103 2710 coepit,
1114 2649 1177 2696 nec
1187 2633 1329 2709 aspectu

326 2727 395 2797 fuit
410 2726 590 2796 iucundus.

410 2825 554 2895 “Nonne
569 2827 683 2908 potius
697 2832 815 2910 agens¹
832 2827 1035 2896 vocabulum
1047 2834 1100 2896 est
1115 2825 1300 2910 ‘probaret’
1310 2827 1328 2854 ”

326 2926 460 3010 quaen't.

410 3025 478 3096 “At
492 3033 625 3096 rectum
642 3028 879 3097 vocabulum.”

411 3126 581 3207 “Quinam
595 3128 665 3197 fuit
680 3128 830 3197 mulieris
851 3149 930 3196 cum
954 3128 1091 3198 homine
1117 3128 1174 3197 illo
1198 3127 1329 3197 Drouet

326 3227 479 3297 nexus?”

410 3327 550 3396 “Amica
564 3328 638 3396 eius
653 3328 752 3396 fuit.”

409 3426 545 3497 “Nimia
573 3428 607 3496 id
636 3427 759 3496 fiducia
788 3427 900 3510 dicis,'’
926 3429 1037 3512 inquit
1059 3427 1268 3510 Goldberger
1282 3428 1330 3496 la·

326 3528 389 3597 biis
404 3527 693 3597 convolventibus.
717 3526 879 3609 “Tamen,
894 3536 1075 3610 postremo,
1098 3527 1133 3596 id
1157 3527 1239 3596 nihil
1264 3527 1327 3597 nisi

326 3628 503 3697 hariolatio
519 3635 581 3709 est,
597 3649 710 3695 nonne
720 3627 756 3695 ?”

408 3727 568 3797 “Fiduciai
581 3730 712 3810 loquor,
728 3727 858 3797 ratione
874 3728 1029 3810 ductus‚''
1051 3728 1257 3811 compositus
1276 3749 1328 3796 re

325 3829 416 3911 gerit
430 3828 591 3910 Godfrey‚
608 3828 905 3911 “quandoquidem
921 3830 1043 3899 mulier
1058 3852 1113 3899 me
1128 3850 1241 3899 coram
1253 3835 1327 3897 tan·

324 3929 468 3998 tundem
484 3930 577 3998 fassa
592 3929 675 3997 est.’'

408 4029 559 4111 Godfrey
574 4028 700 4096 iterum
715 4027 863 4097 erubuit.

408 4128 473 4197 “Ni
500 4129 600 4197 fallor
623 4128 726 4196 etiam
751 4129 845 4196 fassa
870 4136 923 4197 est
949 4129 1058 4212 ipsam
1074 4150 1109 4198 se
1124 4128 1231 4198 fuisse
1246 4148 1325 4210 quae

323 4228 471 4298 Vantine
486 4229 654 4298 viserat?”
670 4228 902 4297 cavillabatur.

423 4466 446 4516 1.
460 4462 567 4529 Agrone,
584 4461 642 4523 tio,
664 4462 841 4528 Participium
864 4463 1019 4524 Praesentis,
1040 4462 1152 4516 verbum
1174 4461 1326 4516 Ciceronia-

323 4564 398 4609 num‚
411 4544 520 4609 valona,
536 4549 649 4613 potem,
664 4543 772 4611 efficax.
