3128 5016
516 812 738 867 mrumrrs
760 810 1056 867 nrcnranomrcn
1222 794 1286 866 277

279 1002 346 1050 nus
370 982 551 1051 venenosis
576 981 737 1051 dentibus
761 1003 923 1064 percussa
945 980 980 1049 in
1007 979 1155 1050 tenendo
1170 980 1285 1049 forulo

280 1081 462 1163 relaxatur,
479 1082 615 1151 forulus
628 1082 664 1151 in
679 1083 790 1151 locum
813 1103 916 1151 suum
939 1080 1068 1162 recidit,
1095 1101 1226 1164 suaque
1247 1101 1285 1149 se

279 1188 399 1263 sponte
430 1182 567 1264 claudit,
594 1190 635 1251 ut
661 1181 808 1263 cernitis,
837 1181 1018 1264 omniaque
1042 1180 1077 1249 in
1102 1180 1285 1264 pristinum

279 1288 409 1350 statum
425 1282 600 1364 recedunt,
615 1282 680 1351 nisi
695 1282 786 1365 quod
801 1281 923 1364 aliquis
948 1280 1034 1350 alius
1048 1280 1226 1350 hominum
1240 1281 1286 1350 lo

279 1381 339 1450 tho
354 1380 466 1450 detur.
489 1383 591 1452 Nunc
616 1404 681 1463 ego
708 1404 788 1451 eum
814 1381 974 1464 aperiam.
1007 1380 1136 1450 Dentes
1158 1380 1284 1451 iterum

280 1481 425 1563 icrient;
448 1482 507 1551 sed
522 1483 612 1551 ictus
625 1482 781 1551 manutio
807 1481 943 1563 incidet,
967 1480 1117 1563 alioquin
1143 1502 1285 1550 manum

280 1581 523 1664 scaripharent,
539 1582 599 1651 sed
628 1604 721 1650 mors
751 1603 820 1650 non
846 1588 1020 1664 sequetur.
1055 1579 1091 1649 Si
1119 1580 1285 1650 nodnlum

280 1680 371 1750 hunc
386 1691 529 1765 vertam,
554 1682 753 1764 choragium
776 1683 897 1763 fraeno,
923 1688 959 1750 et
983 1680 1119 1750 forulus
1144 1688 1286 1763 apertus

279 1781 439 1851 manebit.
462 1783 593 1852 Auctor
608 1783 712 1851 huius
725 1781 1001 1851 mechanismatis
1015 1787 1153 1850 tantum
1166 1780 1230 1850 sibi
1241 1780 1285 1850 ob

279 1880 379 1950 istam
406 1904 479 1951 rem
504 1883 625 1952 tribuit
648 1890 688 1951 ut
714 1882 749 1951 id
775 1882 810 1951 in
837 1889 966 1952 secreto
980 1879 1224 1950 commentario
1239 1880 1283 1950 ad

280 1979 515 2051 oblectandum
532 1982 745 2052 Ludovicum
760 1982 927 2065 Magnum
948 1979 1070 2049 litteris
1091 1979 1284 2050 mandavis-

280 2087 341 2148 set.
373 2081 630 2166 Transcriptum
656 2083 731 2152 eius
756 2080 990 2152 commentarii
1013 2080 1048 2150 in
1075 2078 1283 2151 Bibliotheca

281 2179 313 2247 N
315 2179 451 2249 ationali
468 2183 677 2263 custoditur;
692 2182 934 2265 primigenium
945 2180 1097 2250 eiusdem
1113 2179 1283 2251 Crochard

280 2280 421 2351 obtinet.
444 2282 520 2365 Ipse
546 2290 598 2351 est
625 2283 685 2365 qui
711 2284 807 2351 illum
833 2280 1114 2351 commentarium
1138 2279 1228 2350 inter
1248 2288 1285 2350 et

280 2381 367 2451 hanc
381 2405 495 2451 arcam
510 2405 638 2452 nexum
649 2383 809 2464 instituit,
820 2382 1175 2451 mechanismaenovo
1190 2402 1285 2465 repe·

281 2481 335 2562 rit,
350 2481 549 2564 choragium
564 2483 754 2563 renovavit,
765 2490 870 2564 atque
900 2502 1074 2551 venenum
1100 2479 1213 2551 denuo
1234 2481 1284 2551 in·

279 2581 383 2650 venit.
414 2582 558 2651 Nullum
583 2590 636 2652 est
660 2582 805 2651 dubium
831 2582 913 2665 quin
929 2582 1017 2651 ictus
1038 2581 1216 2651 venenatis
1231 2581 1284 2663 iis,

280 2681 448 2764 dentibus,
458 2705 527 2765 quo
535 2683 724 2765 proditores
735 2682 856 2765 punire
871 2688 1106 2764 consueverat,
1115 2682 1283 2766 originem

280 2780 358 2850 inde
383 2782 427 2850 ab
452 2805 492 2852 eo
517 2784 760 2853 commentario
777 2782 911 2852 ducat.”

361 2914 528 2985 “Croshar
542 2917 604 2987 iste
622 2952 662 2963 -
677 2905 914 3000 vel'quidquid
943 2938 1067 2986 nomen
1091 2918 1166 2988 eius
1176 2916 1221 2986 sit
1237 2952 1276 2962 -

280 3017 385 3085 lurco¹
403 3017 540 3087 videtur
555 3040 628 3088 esse
645 3019 829 3088 admodum
844 3018 1057 3100 singularis,''
1081 3024 1180 3087 notat
1202 3017 1284 3088 Gra·

282 3116 337 3199 dy,
352 3118 555 3187 convolvulo
571 3141 633 3188 suo
648 3120 774 3188 iterum
790 3140 941 3188 accenso.

363 3250 446 3320 “Est
471 3253 656 3334 profecto,'’
683 3253 870 3323 assentitur
896 3252 1000 3321 herus
1030 3251 1131 3334 Pigot
1159 3252 1285 3335 quiete,

280 3349 486 3420 “admodum
502 3353 693 3435 singularis.
716 3352 782 3423 Sed
806 3375 849 3422 ne
873 3352 944 3434 ipse
970 3351 1109 3434 quidem
1135 3358 1188 3421 est
1212 3350 1285 3421 falli

279 3451 429 3532 nescius;
452 3452 610 3535 equidem
626 3475 734 3535 quum
749 3451 1015 3521 commentarius
1030 3453 1176 3521 alterum
1191 3452 1286 3520 ioru-

280 3553 351 3621 lum
367 3553 538 3621 occultum
554 3575 621 3622 non
637 3559 908 3622 memorasset-
921 3551 1016 3621 illum
1031 3552 1156 3621 scilicet
1170 3552 1285 3635 inquo

280 3653 438 3722 Matrona
454 3653 614 3735 Princeps
629 3675 708 3722 suns
722 3653 853 3722 litteras
874 3653 1075 3722 occultasset
1098 3651 1224 3722 amicas
1243 3686 1286 3697 -

280 3774 321 3821 ea
337 3775 391 3821 res
406 3753 576 3822 Crochard
593 3753 662 3822 iuit
677 3753 804 3835 ignota.
827 3753 942 3834 Atque
967 3752 1032 3821 ista
1057 3751 1190 3821 inscitia
1204 3773 1285 3821 eum

280 3852 315 3921 in
331 3853 463 3921 caeteris
474 3853 544 3921 suis
559 3853 763 3923 molimentis
778 3852 971 3922 frustravit.
983 3852 1085 3922 Nunc
1101 3874 1193 3935 vero,
1204 3852 1286 3922 ami·

382 4106 405 4156 1.
423 4102 530 4167 Lurco,
547 4103 619 4156 mia:
632 4104 715 4157 homo
728 4104 848 4170 gulosus,
862 4103 938 4166 edax,
950 4102 1054 4155 nullius
1067 4102 1159 4169 pretii,
