3128 5016
626 806 937 861 sacnnruuancAE
1215 790 1279 860 269

277 976 312 1041 ta
327 973 478 1054 audacia,
494 975 593 1042 simul
609 983 644 1042 et
661 982 730 1044 tam
753 975 915 1057 singulari
940 976 1039 1044 modo
1063 983 1137 1044 erat
1162 996 1280 1057 perpe·

278 1081 416 1151 tratum,
433 1082 472 1142 ut
488 1097 549 1142 nos
572 1075 652 1143 nihil
680 1075 930 1144 dubitassemus
954 1098 1039 1158 opus
1064 1075 1146 1144 illud
1171 1074 1278 1143 veluti

278 1173 380 1241 unius
396 1182 531 1241 tantum
548 1175 691 1242 hominis
713 1198 905 1257 agnoscere,
920 1199 982 1244 nec
997 1176 1040 1244 ab
1056 1177 1120 1244 alio
1136 1173 1208 1243 fieri
1224 1197 1279 1257 po

278 1273 381 1340 tuisse
397 1309 436 1317 -
453 1275 608 1342 furciferi
623 1275 809 1356 cuiusdam,
832 1276 967 1345 nomine
983 1275 1152 1344 Crocbard
1169 1275 1227 1356 qui
1244 1297 1279 1342 se

278 1381 312 1441 et
328 1373 581 1442 ‘invincibilem'
598 1375 759 1456 praedicat
773 1412 814 1419 -
830 1376 983 1444 furciferi
1000 1398 1133 1456 nempe,
1149 1375 1206 1457 qui
1223 1397 1280 1442 no

278 1476 329 1543 bis
344 1476 410 1542 iam
427 1476 621 1544 innumeras
646 1477 807 1544 intulerat
831 1477 1010 1557 molestias
1035 1499 1138 1558 quem
1164 1483 1279 1544 tamen

277 1576 476 1644 convincere
494 1598 670 1657 nunquam
687 1577 869 1657 quivimus.
893 1579 965 1645 Hoc
982 1577 1015 1644 in
1039 1599 1119 1645 casu
1144 1576 1280 1645 eviden-

279 1677 360 1743 tiam
376 1684 495 1743 contra
509 1698 588 1743 eum
605 1699 743 1757 prorsus
769 1676 896 1744 nullam
923 1676 1122 1756 habuimus;
1145 1676 1281 1758 inquisi-

279 1777 404 1844 tionem
421 1778 454 1844 in
471 1799 550 1844 eum
566 1777 786 1857 instituimus,
809 1777 1064 1858 reperimusque
1080 1799 1158 1845 eum
1176 1776 1279 1858 probe

278 1877 406 1944 cavisse
433 1885 472 1945 ut
496 1885 648 1958 tempore
675 1877 761 1944 furti
777 1899 812 1945 se
828 1877 965 1945 omnino
986 1877 1064 1946 alibi
1086 1877 1192 1945 fuisse
1208 1877 1280 1945 sine

278 1976 487 2045 dubitatione
504 1977 772 2056 demonstraret;
795 1977 910 2058 itaque
934 1999 1013 2045 eum
1040 1977 1215 2045 absolvere
1241 1998 1280 2044 ac

279 2076 419 2144 liberare
434 2077 531 2144 nobis
546 2099 681 2144 necesse
698 2077 775 2144 fuit.
800 2077 876 2144 Non
893 2098 955 2144 nos
971 2076 1166 2158 praeteribat
1182 2098 1279 2157 cape·

280 2199 314 2244 re
331 2198 421 2255 eum,
436 2178 517 2257 quin
534 2177 664 2257 aliquas
678 2199 892 2255 gemmarum
909 2176 942 2244 in
966 2198 1028 2244 sua
1055 2176 1281 2257 reperiremus

280 2276 499 2357 possessione,
517 2299 654 2357 prorsus
667 2299 739 2344 esse
755 2277 883 2345 inutile.
907 2277 982 2358 lpse
1009 2277 1145 2344 interim
1170 2297 1281 2357 poenae

280 2376 448 2455 immunis,
465 2384 505 2444 ut
521 2377 640 2444 solitus
655 2384 738 2455 erat,
755 2399 815 2458 per
837 2377 928 2444 vicos
943 2384 978 2444 et
994 2378 1132 2458 plateas,
1148 2398 1209 2458 per
1224 2398 1281 2456 ga·

281 2499 370 2555 neas,
387 2477 522 2558 ubique,
540 2477 623 2545 liber
638 2477 828 2545 oberrabat.
846 2478 917 2545 Nos
932 2477 1048 2545 derisit
1060 2485 1205 2545 tantum.
1216 2477 1282 2544 Res

280 2577 375 2644 nobis
390 2577 573 2645 admodum
590 2585 663 2645 erat
679 2579 831 2658 ingrata;
855 2585 890 2645 at
906 2580 998 2658 leges
1013 2584 1138 2645 nostra*
1153 2598 1282 2644 severae

281 2686 370 2745 sunt.
394 2678 507 2745 Grave
523 2678 613 2745 cnim
631 2700 794 2758 perquam
812 2686 899 2745 esset
915 2678 1076 2745 delictum
1090 2678 1218 2759 siquem
1230 2699 1281 2745 ca·

282 2799 448 2858 pommus,
465 2777 586 2844 deinde
613 2799 796 2856 agnoscere
823 2799 884 2845 nos
906 2799 1034 2845 errasse
1058 2777 1196 2845 adactos
1221 2798 1283 2844 nos

281 2900 353 2944 esse
370 2878 571 2944 videremus
583 2878 610 2943 1⁴*
610 2878 737 2945 ecimus
746 2878 852 2958 igitur
868 2885 1037 2958 quantum
1052 2884 1281 2959 potueramus.

283 2978 389 3044 istum
406 2977 575 3045 Crocbard
592 2999 653 3043 nos
669 2985 835 3058 perpetuo
859 2976 1019 3057 vigilibus
1043 2976 1148 3044 oculis
1171 2997 1283 3057 prose-

281 3077 489 3157 quebamur;
513 3077 715 3157 perscrutati
733 3098 852 3144 sumus
866 3098 934 3144 non
959 3076 1059 3144 modo
1084 3097 1198 3148 suum,
1223 3074 1281 3142 sed

281 3178 381 3245 etiam
399 3177 597 3245 suaeamicae
613 3177 827 3257 domicilium,
844 3199 906 3244 nec
930 3178 1043 3257 semel,
1063 3177 1121 3245 sed
1148 3176 1281 3258 saepius.

282 3277 480 3358 Aliquando,
497 3299 604 3358 quum
620 3277 808 3345 Vincentiae
821 3276 993 3344 telonium¹
1011 3297 1168 3357 egressus
1182 3282 1281 3356 esset,

280 3385 422 3458 agentes
437 3377 542 3444 nostri
558 3379 599 3455 ei,
616 3376 679 3444 sub
696 3376 804 3457 specie
820 3376 994 3456 latrocinii,
1010 3375 1194 3456 irruerunt,
1211 3396 1283 3457 per·

282 3499 398 3545 sonam
414 3485 594 3557 vestesque
610 3477 683 3544 eius
705 3476 990 3557 perquisiverunt.

365 3577 471 3658 “lpse,
498 3577 583 3644 bene
607 3577 837 3656 memineritis,
868 3598 911 3643 ne
940 3582 1113 3643 momento
1144 3575 1281 3657 quidem

282 3678 443 3759 temporis
472 3677 635 3757 deceptus
664 3677 740 3744 fuit.
779 3676 885 3744 Novit
915 3676 1005 3744 enim
1034 3675 1282 3744 accuratissime

283 3778 363 3859 quid
380 3800 441 3845 nos
456 3777 674 3857 agitaremus.
700 3776 811 3843 Etiam
839 3783 1055 3857 perspectum
1079 3775 1226 3844 habebat
1247 3796 1283 3843 se

385 4017 406 4064 l.
428 4010 588 4070 Telonium,
608 4010 652 4068 -r'i,
670 4017 710 4062 est
724 4012 872 4062 claustrum
887 4011 914 4061 ln
930 4011 1053 4075 ingressu
1071 4009 1187 4069 urbium,
1205 4025 1284 4074 pago

283 4114 350 4155 rum,
363 4103 498 4162 portuum,
512 4096 557 4147 ubi
571 4096 604 4147 ab
619 4095 787 4147 intrantibus
801 4095 948 4160 vectigalia
960 4094 1116 4159 exiguntur.
