3150 5468
367 1212 431 1279 222
629 1226 839 1280 ursmmun
861 1225 969 1279 AncAE
990 1217 1108 1280 nourr

451 1394 580 1464 “Credo
605 1395 803 1463 firmissime.
827 1395 915 1463 Area
941 1395 984 1463 ab
1009 1394 1161 1463 Annand
1186 1393 1275 1463 bona
1301 1393 1368 1463 fide

367 1504 418 1564 est
433 1495 545 1576 missa,
562 1496 642 1577 quia
657 1495 873 1563 crediderunt
898 1517 972 1562 eum
988 1517 1008 1562 a
1023 1495 1170 1563 Vantine
1194 1495 1370 1576 praestina·

367 1604 437 1664 tum
448 1618 521 1664 esse
531 1632 569 1639 —
579 1617 657 1677 quae
669 1596 781 1664 omnia
790 1618 810 1663 a
820 1596 946 1678 Magno
954 1595 1009 1663 illo
1019 1596 1140 1677 Ignoto
1149 1595 1213 1664 rite
1223 1595 1368 1664 fuerunt

365 1696 630 1765 administrata.”

448 1811 541 1894 “llic,
567 1813 674 1894 sodes,
700 1813 860 1895 Godfrey,
885 1814 943 1895 qui
969 1813 1042 1881 haec
1065 1813 1178 1881 omnia
1200 1812 1261 1881 tibi
1290 1834 1368 1881 con-

364 1915 499 1984 stant?'’

448 2031 566 2112 “Hem
591 2032 674 2100 satis
698 2031 807 2099 facile.
839 2032 953 2109 Quum
977 2037 1016 2098 tu
1040 2029 1122 2098 mihi
1149 2029 1223 2098 heri
1244 2029 1286 2099 de
1301 2030 1365 2098 Ar·

363 2131 465 2199 mand
481 2131 652 2211 narrabas,
669 2131 760 2210 scivi,
776 2138 837 2198 aut
854 2131 936 2198 scire
960 2151 1014 2198 me
1038 2130 1168 2211 putavi,
1194 2130 1368 2198 molimen-

363 2237 438 2299 tum
455 2231 625 2313 quoddam
647 2230 827 2298 sublatere.
849 2229 914 2298 Sed
931 2236 1038 2297 utres
1064 2237 1155 2297 certe
1185 2236 1367 2311 constaret,

362 2338 479 2398 nostro
506 2330 632 2399 homini
658 2330 793 2398 Parisiis
807 2330 991 2397 remulcavi
1008 2329 1096 2398 utin
1124 2351 1195 2397 rem
1218 2329 1368 2411 inquire·

362 2439 424 2498 ret.
448 2431 572 2498 Noster
588 2431 688 2499 homo
705 2431 819 2498 statim
834 2429 940 2497 adivit
963 2436 1095 2512 patrem
1122 2429 1284 2510 Armand,
1307 2429 1369 2498 ibi·

362 2553 429 2613 que
445 2531 539 2599 varia
566 2531 652 2598 scitu
677 2530 783 2611 digna
808 2530 981 2611 comperit.
1005 2530 1121 2598 Unum
1147 2536 1231 2609 erut,
1256 2528 1366 2598 filium

363 2632 505 2700 Felicem
523 2630 674 2698 Annand
690 2630 826 2698 Parisiis
840 2651 930 2709 esse;
952 2629 1108 2709 alterum,
1131 2629 1264 2697 nullum
1288 2651 1368 2698 con·

361 2732 455 2801 sortii
471 2731 663 2799 membrum
680 2731 722 2798 de
739 2739 799 2798 tuo
826 2730 997 2797 remulcali
1012 2736 1073 2798 aut
1089 2729 1129 2797 de
1147 2751 1306 2812 responso
1322 2731 1366 2800 ad

360 2831 404 2911 id,
421 2832 608 2914 quidquam
624 2831 726 2909 scire;
750 2830 901 2909 tertium,
918 2829 1048 2897 etiamsi
1066 2829 1246 2898 remulcale
1272 2852 1366 2899 acce·

361 2933 496 3014 nissen,
512 2953 579 2999 non
598 2931 825 2999 intellecturos
840 2929 956 3009 fuisse,
971 2928 1131 3010 quoniam
1147 2951 1166 2997 e
1194 2929 1288 2998 libris
1298 2929 1363 2998 Ar·

359 3033 462 3100 mand
479 3032 699 3099 manifestum
711 3038 763 3099 est
775 3053 849 3098 eam
864 3029 1164 3098 arcamaVantine
1180 3029 1363 3111 quindenis

359 3133 556 3200 francorum
571 3131 719 3199 millibus
734 3131 967 3211 praestinatam
983 3129 1086 3198 esse.”

444 3232 542 3299 “Non
559 3232 657 3299 istam
669 3230 697 3298 !''
714 3230 855 3298 obverto
871 3252 944 3311 eg0.

444 3349 537 3417 “Im0
553 3349 652 3417 istam
668 3349 787 3430 ipsam.
811 3348 898 3430 Quin
913 3356 948 3416 et
963 3369 1003 3415 eo
1019 3347 1127 3430 pretio
1153 3348 1229 3417 vilis
1253 3348 1366 3417 existi·

359 3450 483 3517 manda
499 3457 559 3517 est.
583 3449 763 3517 Consortes
778 3447 929 3516 Armund
947 3448 1067 3529 utique
1084 3447 1126 3515 de
1140 3447 1259 3516 fabula
1273 3448 1364 3517 circa

358 3551 559 3717 glequrltnetsuan
586 3549 667 3617 nihil
696 3549 870 3616 sciverunt
898 3584 936 3591 -
961 3548 1043 3615 nihil
1059 3547 1122 3615 nisi
1140 3548 1233 3616 lucro
1249 3549 1367 3617 vendi·

444 3767 592 3848 “Capere
608 3768 706 3848 plane
722 3788 789 3833 nun
814 3788 901 3846 queo
912 3765 940 3831 !’'
968 3764 1120 3834 balbutio
1146 3787 1221 3846 ego.
1248 3763 1361 3834 “Van-

357 3867 427 3935 tine
443 3868 512 3948 ipse
529 3866 609 3933 mihi
626 3868 740 3934 fassus
755 3875 806 3934 est
821 3888 855 3934 se
872 3866 970 3933 istam
998 3887 1112 3934 aroem
1138 3887 1206 3933 non
1233 3865 1364 3947 prasti-

359 3968 488 4035 nasse.'’

365 4070 369 4087 '
441 4084 533 4152 “Nec
561 4083 781 4165 praestinavit.
816 4083 880 4151 Sed
906 4083 993 4151 alius
1018 4082 1095 4163 quis
1124 4082 1197 4152 eius
1223 4081 1361 4151 nomine

358 4184 450 4263 emit,
467 4194 501 4251 et
518 4185 558 4251 ad
576 4206 654 4251 eum
671 4184 759 4250 mitti
777 4183 904 4250 iussit.'’

441 4283 504 4351 “Et
522 4284 621 4351 solvit
639 4283 809 4363 quindena
825 4284 1022 4350 francorum
1040 4282 1143 4350 millia
1158 4302 1219 4363 pro
1234 4282 1317 4352 ea?''

440 4401 604 4468 “Prorsus
616 4400 663 4466 ita
680 4436 716 4442 -
733 4407 768 4465 et
784 4399 883 4466 solvit
900 4420 959 4479 pro
975 4420 1015 4466 ea
1025 4398 1193 4466 consortio
1205 4397 1357 4467 Armand

356 4500 528 4584 quindena
543 4501 738 4567 francorum
761 4498 894 4566 millia.”
