<?xml version="1.0" encoding="UTF-8"?>
<!DOCTYPE html PUBLIC "-//W3C//DTD XHTML 1.0 Transitional//EN"
    "http://www.w3.org/TR/xhtml1/DTD/xhtml1-transitional.dtd">
<html xmlns="http://www.w3.org/1999/xhtml" xml:lang="en" lang="en">
 <head>
  <title>
</title>
<meta http-equiv="Content-Type" content="text/html;charset=utf-8" />
  <meta name='ocr-system' content='tesseract 3.04.00' />
  <meta name='ocr-capabilities' content='ocr_page ocr_carea ocr_par ocr_line ocrx_word'/>
</head>
<body>
  <div class='ocr_page' id='page_1' title='image "./mysteriumarcbou00stevgoog/mysteriumarcbou00stevgoog_0244.png"; bbox 0 0 3128 5016; ppageno 0'>
   <div class='ocr_carea' id='block_1_1' title="bbox 393 752 1137 824">
    <p class='ocr_par' dir='ltr' id='par_1_1' title="bbox 393 752 1137 824">
     <span class='ocr_line' id='line_1_1' title="bbox 393 752 1137 824; baseline 0.004 -3"><span class='ocrx_word' id='word_1_1' title='bbox 393 752 457 822; x_wconf 80' lang='lat'><strong>232</strong></span> <span class='ocrx_word' id='word_1_2' title='bbox 656 767 868 823; x_wconf 81' lang='lat' dir='ltr'><strong>ursrnnruu</strong></span> <span class='ocrx_word' id='word_1_3' title='bbox 887 767 997 824; x_wconf 71' lang='lat' dir='ltr'><strong>Ancus</strong></span> <span class='ocrx_word' id='word_1_4' title='bbox 1017 760 1137 824; x_wconf 78' lang='lat' dir='ltr'><strong>nouus</strong></span> 
     </span>
    </p>
   </div>
   <div class='ocr_carea' id='block_1_2' title="bbox 397 933 1405 1117">
    <p class='ocr_par' dir='ltr' id='par_1_2' title="bbox 397 933 1405 1117">
     <span class='ocr_line' id='line_1_2' title="bbox 481 933 1405 1020; baseline 0.004 -17"><span class='ocrx_word' id='word_1_5' title='bbox 481 933 547 1004; x_wconf 80' lang='lat' dir='ltr'><strong>“ut</strong></span> <span class='ocrx_word' id='word_1_6' title='bbox 561 941 601 1004; x_wconf 92' lang='lat' dir='ltr'><strong>tu</strong></span> <span class='ocrx_word' id='word_1_7' title='bbox 618 957 739 1006; x_wconf 83' lang='lat' dir='ltr'><strong>revera</strong></span> <span class='ocrx_word' id='word_1_8' title='bbox 753 942 856 1020; x_wconf 83' lang='lat' dir='ltr'><strong>putas</strong></span> <span class='ocrx_word' id='word_1_9' title='bbox 869 957 950 1007; x_wconf 88' lang='lat' dir='ltr'><strong>eum</strong></span> <span class='ocrx_word' id='word_1_10' title='bbox 975 935 1011 1006; x_wconf 91' lang='lat' dir='ltr'><strong>in</strong></span> <span class='ocrx_word' id='word_1_11' title='bbox 1033 935 1125 1007; x_wconf 85' lang='lat' dir='ltr'><strong>illam</strong></span> <span class='ocrx_word' id='word_1_12' title='bbox 1138 934 1405 1007; x_wconf 53' lang='lat' dir='ltr'><strong>incursurum?</strong></span> 
     </span>
     <span class='ocr_line' id='line_1_3' title="bbox 397 1034 665 1117; baseline 0.004 -13"><span class='ocrx_word' id='word_1_13' title='bbox 397 1034 523 1104; x_wconf 92' lang='lat' dir='ltr'><strong>dubius</strong></span> <span class='ocrx_word' id='word_1_14' title='bbox 538 1056 665 1117; x_wconf 87' lang='lat' dir='ltr'><strong>quaero.</strong></span> 
     </span>
    </p>
   </div>
   <div class='ocr_carea' id='block_1_3' title="bbox 396 1133 1409 2618">
    <p class='ocr_par' dir='ltr' id='par_1_3' title="bbox 396 1133 1407 1420">
     <span class='ocr_line' id='line_1_4' title="bbox 480 1133 1405 1220; baseline 0.001 -16"><span class='ocrx_word' id='word_1_15' title='bbox 480 1133 575 1205; x_wconf 86' lang='lat' dir='ltr'><strong>“Scio</strong></span> <span class='ocrx_word' id='word_1_16' title='bbox 590 1157 670 1204; x_wconf 89' lang='lat' dir='ltr'><strong>eum</strong></span> <span class='ocrx_word' id='word_1_17' title='bbox 685 1135 719 1205; x_wconf 95' lang='lat' dir='ltr'><strong>id</strong></span> <span class='ocrx_word' id='word_1_18' title='bbox 734 1135 929 1206; x_wconf 83' lang='lat' dir='ltr'><strong>facturum!</strong></span> <span class='ocrx_word' id='word_1_19' title='bbox 952 1135 1107 1220; x_wconf 88' lang='lat' dir='ltr'><strong>Quodam</strong></span> <span class='ocrx_word' id='word_1_20' title='bbox 1122 1135 1176 1207; x_wconf 84' lang='lat' dir='ltr'><strong>die</strong></span> <span class='ocrx_word' id='word_1_21' title='bbox 1190 1134 1341 1206; x_wconf 85' lang='lat' dir='ltr'><strong>tentabit</strong></span> <span class='ocrx_word' id='word_1_22' title='bbox 1351 1156 1405 1205; x_wconf 92' lang='lat' dir='ltr'><strong>ar·</strong></span> 
     </span>
     <span class='ocr_line' id='line_1_5' title="bbox 397 1234 1407 1319; baseline 0.002 -15"><span class='ocrx_word' id='word_1_23' title='bbox 397 1257 472 1304; x_wconf 90' lang='lat' dir='ltr'><strong>cam</strong></span> <span class='ocrx_word' id='word_1_24' title='bbox 484 1257 503 1304; x_wconf 94' lang='lat' dir='ltr'><strong>e</strong></span> <span class='ocrx_word' id='word_1_25' title='bbox 514 1235 597 1305; x_wconf 89' lang='lat' dir='ltr'><strong>cella</strong></span> <span class='ocrx_word' id='word_1_26' title='bbox 611 1235 785 1319; x_wconf 86' lang='lat' dir='ltr'>chalybeia</span> <span class='ocrx_word' id='word_1_27' title='bbox 796 1235 950 1305; x_wconf 85' lang='lat' dir='ltr'><strong>stationis</strong></span> <span class='ocrx_word' id='word_1_28' title='bbox 960 1235 1108 1306; x_wconf 86' lang='lat' dir='ltr'><strong>decuriae</strong></span> <span class='ocrx_word' id='word_1_29' title='bbox 1118 1234 1192 1306; x_wconf 81' lang='lat' dir='ltr'><strong>viae</strong></span> <span class='ocrx_word' id='word_1_30' title='bbox 1201 1235 1407 1319; x_wconf 61' lang='lat' dir='ltr'><strong>viem</strong></span> 
     </span>
     <span class='ocr_line' id='line_1_6' title="bbox 396 1334 1288 1420; baseline 0.002 -16"><span class='ocrx_word' id='word_1_31' title='bbox 396 1335 532 1417; x_wconf 86' lang='lat' dir='ltr'><strong>Tertiae,</strong></span> <span class='ocrx_word' id='word_1_32' title='bbox 548 1335 583 1404; x_wconf 94' lang='lat' dir='ltr'><strong>in</strong></span> <span class='ocrx_word' id='word_1_33' title='bbox 599 1357 668 1418; x_wconf 87' lang='lat' dir='ltr'><strong>qua</strong></span> <span class='ocrx_word' id='word_1_34' title='bbox 683 1336 766 1406; x_wconf 87' lang='lat' dir='ltr'><strong>seris</strong></span> <span class='ocrx_word' id='word_1_35' title='bbox 780 1336 913 1405; x_wconf 90' lang='lat' dir='ltr'><strong>occlusa</strong></span> <span class='ocrx_word' id='word_1_36' title='bbox 928 1335 1111 1418; x_wconf 85' lang='lat' dir='ltr'><strong>detinetur,</strong></span> <span class='ocrx_word' id='word_1_37' title='bbox 1126 1334 1288 1420; x_wconf 79' lang='lat' dir='ltr'><strong>eripere”</strong></span> 
     </span>
    </p>

    <p class='ocr_par' dir='ltr' id='par_1_4' title="bbox 481 1435 997 1518">
     <span class='ocr_line' id='line_1_7' title="bbox 481 1435 997 1518; baseline 0.006 -15"><span class='ocrx_word' id='word_1_38' title='bbox 481 1435 555 1517; x_wconf 83' lang='lat' dir='ltr'><strong>Ego</strong></span> <span class='ocrx_word' id='word_1_39' title='bbox 570 1442 674 1518; x_wconf 86' lang='lat' dir='ltr'><strong>caput</strong></span> <span class='ocrx_word' id='word_1_40' title='bbox 689 1457 812 1518; x_wconf 88' lang='lat' dir='ltr'><strong>quasso</strong></span> <span class='ocrx_word' id='word_1_41' title='bbox 827 1435 997 1506; x_wconf 85' lang='lat' dir='ltr'><strong>dubitans</strong></span> 
     </span>
    </p>

    <p class='ocr_par' dir='ltr' id='par_1_5' title="bbox 397 1532 1407 1805">
     <span class='ocr_line' id='line_1_8' title="bbox 482 1532 1406 1619; baseline 0.002 -16"><span class='ocrx_word' id='word_1_42' title='bbox 482 1534 581 1604; x_wconf 89' lang='lat' dir='ltr'><strong>“Non</strong></span> <span class='ocrx_word' id='word_1_43' title='bbox 596 1534 668 1618; x_wconf 89' lang='lat' dir='ltr'><strong>ipse</strong></span> <span class='ocrx_word' id='word_1_44' title='bbox 682 1535 731 1604; x_wconf 89' lang='lat' dir='ltr'><strong>ita</strong></span> <span class='ocrx_word' id='word_1_45' title='bbox 745 1535 902 1617; x_wconf 87' lang='lat' dir='ltr'><strong>insanit‚&#39;&#39;</strong></span> <span class='ocrx_word' id='word_1_46' title='bbox 917 1534 1068 1619; x_wconf 88' lang='lat' dir='ltr'><strong>inquam.</strong></span> <span class='ocrx_word' id='word_1_47' title='bbox 1095 1532 1227 1606; x_wconf 84' lang='lat' dir='ltr'><strong>“Nemo</strong></span> <span class='ocrx_word' id='word_1_48' title='bbox 1240 1555 1264 1605; x_wconf 89' lang='lat' dir='ltr'>a</span> <span class='ocrx_word' id='word_1_49' title='bbox 1277 1533 1406 1605; x_wconf 89' lang='lat' dir='ltr'><strong>sobrie·</strong></span> 
     </span>
     <span class='ocr_line' id='line_1_9' title="bbox 397 1634 1407 1719; baseline 0.001 -15"><span class='ocrx_word' id='word_1_50' title='bbox 397 1642 470 1704; x_wconf 89' lang='lat' dir='ltr'><strong>tate</strong></span> <span class='ocrx_word' id='word_1_51' title='bbox 485 1643 558 1704; x_wconf 90' lang='lat' dir='ltr'><strong>tam</strong></span> <span class='ocrx_word' id='word_1_52' title='bbox 573 1642 625 1704; x_wconf 89' lang='lat' dir='ltr'><strong>est</strong></span> <span class='ocrx_word' id='word_1_53' title='bbox 640 1635 780 1705; x_wconf 82' lang='lat' dir='ltr'><strong>alienus</strong></span> <span class='ocrx_word' id='word_1_54' title='bbox 802 1635 921 1705; x_wconf 89' lang='lat' dir='ltr'><strong>Potius</strong></span> <span class='ocrx_word' id='word_1_55' title='bbox 944 1656 1020 1705; x_wconf 89' lang='lat' dir='ltr'><strong>eam</strong></span> <span class='ocrx_word' id='word_1_56' title='bbox 1045 1634 1179 1706; x_wconf 83' lang='lat' dir='ltr'><strong>deseret</strong></span> <span class='ocrx_word' id='word_1_57' title='bbox 1202 1634 1407 1719; x_wconf 79' lang='lat' dir='ltr'><strong>placidoque</strong></span> 
     </span>
     <span class='ocr_line' id='line_1_10' title="bbox 397 1735 836 1805; baseline -0.002 0"><span class='ocrx_word' id='word_1_58' title='bbox 397 1735 509 1805; x_wconf 90' lang='lat' dir='ltr'><strong>animo</strong></span> <span class='ocrx_word' id='word_1_59' title='bbox 525 1735 669 1804; x_wconf 85' lang='lat' dir='ltr'>Parisios</span> <span class='ocrx_word' id='word_1_60' title='bbox 684 1735 836 1805; x_wconf 88' lang='lat' dir='ltr'><strong>redibit.”</strong></span> 
     </span>
    </p>

    <p class='ocr_par' dir='ltr' id='par_1_6' title="bbox 399 1833 1409 2407">
     <span class='ocr_line' id='line_1_11' title="bbox 484 1833 1407 1918; baseline 0.002 -15"><span class='ocrx_word' id='word_1_61' title='bbox 484 1835 582 1904; x_wconf 90' lang='lat' dir='ltr'><strong>“Non</strong></span> <span class='ocrx_word' id='word_1_62' title='bbox 598 1835 703 1905; x_wconf 84' lang='lat' dir='ltr'><strong>faciet</strong></span> <span class='ocrx_word' id='word_1_63' title='bbox 718 1835 745 1904; x_wconf 90' lang='lat' dir='ltr'><strong>si</strong></span> <span class='ocrx_word' id='word_1_64' title='bbox 760 1836 790 1904; x_wconf 91' lang='lat' dir='ltr'><strong>is</strong></span> <span class='ocrx_word' id='word_1_65' title='bbox 804 1835 848 1905; x_wconf 93' lang='lat' dir='ltr'><strong>sit</strong></span> <span class='ocrx_word' id='word_1_66' title='bbox 863 1856 967 1918; x_wconf 89' lang='lat' dir='ltr'><strong>quem</strong></span> <span class='ocrx_word' id='word_1_67' title='bbox 982 1856 1062 1905; x_wconf 91' lang='lat' dir='ltr'><strong>eum</strong></span> <span class='ocrx_word' id='word_1_68' title='bbox 1077 1855 1150 1905; x_wconf 88' lang='lat' dir='ltr'><strong>esse</strong></span> <span class='ocrx_word' id='word_1_69' title='bbox 1164 1833 1346 1918; x_wconf 86' lang='lat' dir='ltr'><strong>arbitror,”</strong></span> <span class='ocrx_word' id='word_1_70' title='bbox 1355 1834 1407 1905; x_wconf 88' lang='lat' dir='ltr'><strong>ait</strong></span> 
     </span>
     <span class='ocr_line' id='line_1_12' title="bbox 399 1934 1409 2019; baseline -0.003 -12"><span class='ocrx_word' id='word_1_71' title='bbox 399 1936 551 2018; x_wconf 72' lang='lat' dir='ltr'><strong>Godfrey</strong></span> <span class='ocrx_word' id='word_1_72' title='bbox 566 1957 671 2004; x_wconf 91' lang='lat' dir='ltr'><strong>manu</strong></span> <span class='ocrx_word' id='word_1_73' title='bbox 687 1957 806 2005; x_wconf 89' lang='lat' dir='ltr'>ansam</span> <span class='ocrx_word' id='word_1_74' title='bbox 820 1935 934 2005; x_wconf 85' lang='lat' dir='ltr'><strong>ianuae</strong></span> <span class='ocrx_word' id='word_1_75' title='bbox 954 1942 1086 2005; x_wconf 89' lang='lat' dir='ltr'><strong>tenens.</strong></span> <span class='ocrx_word' id='word_1_76' title='bbox 1108 1934 1215 2005; x_wconf 79' lang='lat' dir='ltr'>“Eam</span> <span class='ocrx_word' id='word_1_77' title='bbox 1229 1934 1304 2019; x_wconf 84' lang='lat' dir='ltr'><strong>ipse</strong></span> <span class='ocrx_word' id='word_1_78' title='bbox 1317 1956 1409 2005; x_wconf 90' lang='lat' dir='ltr'><strong>nun·</strong></span> 
     </span>
     <span class='ocr_line' id='line_1_13' title="bbox 400 2034 1408 2120; baseline -0.001 -14"><span class='ocrx_word' id='word_1_79' title='bbox 400 2059 504 2120; x_wconf 88' lang='lat' dir='ltr'><strong>quam</strong></span> <span class='ocrx_word' id='word_1_80' title='bbox 519 2035 750 2118; x_wconf 87' lang='lat' dir='ltr'><strong>derelinquet!</strong></span> <span class='ocrx_word' id='word_1_81' title='bbox 772 2036 940 2119; x_wconf 81' lang='lat' dir='ltr'><strong>Exspecta</strong></span> <span class='ocrx_word' id='word_1_82' title='bbox 965 2035 1076 2117; x_wconf 89' lang='lat' dir='ltr'><strong>modo,</strong></span> <span class='ocrx_word' id='word_1_83' title='bbox 1100 2034 1239 2117; x_wconf 88' lang='lat' dir='ltr'><strong>Lester;</strong></span> <span class='ocrx_word' id='word_1_84' title='bbox 1260 2055 1333 2105; x_wconf 92' lang='lat' dir='ltr'><strong>uno</strong></span> <span class='ocrx_word' id='word_1_85' title='bbox 1357 2034 1408 2105; x_wconf 84' lang='lat' dir='ltr'><strong>al·</strong></span> 
     </span>
     <span class='ocr_line' id='line_1_14' title="bbox 400 2134 1407 2219; baseline -0.003 -12"><span class='ocrx_word' id='word_1_86' title='bbox 400 2147 518 2207; x_wconf 88' lang='lat' dir='ltr'><strong>terove</strong></span> <span class='ocrx_word' id='word_1_87' title='bbox 534 2135 589 2205; x_wconf 92' lang='lat' dir='ltr'><strong>die</strong></span> <span class='ocrx_word' id='word_1_88' title='bbox 603 2135 749 2205; x_wconf 90' lang='lat' dir='ltr'><strong>sciemus</strong></span> <span class='ocrx_word' id='word_1_89' title='bbox 764 2142 843 2205; x_wconf 89' lang='lat' dir='ltr'><strong>uter</strong></span> <span class='ocrx_word' id='word_1_90' title='bbox 857 2143 1013 2205; x_wconf 89' lang='lat' dir='ltr'><strong>nostrum</strong></span> <span class='ocrx_word' id='word_1_91' title='bbox 1024 2142 1122 2205; x_wconf 87' lang='lat' dir='ltr'><strong>vates</strong></span> <span class='ocrx_word' id='word_1_92' title='bbox 1135 2134 1244 2204; x_wconf 84' lang='lat' dir='ltr'><strong>fuerit</strong></span> <span class='ocrx_word' id='word_1_93' title='bbox 1257 2134 1407 2219; x_wconf 86' lang='lat' dir='ltr'><strong>probior.</strong></span> 
     </span>
     <span class='ocr_line' id='line_1_15' title="bbox 400 2233 1408 2319; baseline -0.003 -12"><span class='ocrx_word' id='word_1_94' title='bbox 400 2239 517 2308; x_wconf 89' lang='lat' dir='ltr'><strong>Unum</strong></span> <span class='ocrx_word' id='word_1_95' title='bbox 532 2242 668 2305; x_wconf 89' lang='lat' dir='ltr'><strong>tantum</strong></span> <span class='ocrx_word' id='word_1_96' title='bbox 683 2236 833 2317; x_wconf 88' lang='lat' dir='ltr'><strong>vereor‚’&#39;</strong></span> <span class='ocrx_word' id='word_1_97' title='bbox 849 2235 960 2318; x_wconf 88' lang='lat' dir='ltr'><strong>inquit</strong></span> <span class='ocrx_word' id='word_1_98' title='bbox 975 2235 1076 2304; x_wconf 87' lang='lat' dir='ltr'><strong>vultu</strong></span> <span class='ocrx_word' id='word_1_99' title='bbox 1087 2233 1238 2316; x_wconf 86' lang='lat' dir='ltr'><strong>tristiori,</strong></span> <span class='ocrx_word' id='word_1_100' title='bbox 1253 2233 1320 2305; x_wconf 87' lang='lat' dir='ltr'><strong>“ne</strong></span> <span class='ocrx_word' id='word_1_101' title='bbox 1334 2234 1408 2319; x_wconf 80' lang='lat' dir='ltr'><strong>ipse</strong></span> 
     </span>
     <span class='ocr_line' id='line_1_16' title="bbox 400 2333 984 2407; baseline -0.007 0"><span class='ocrx_word' id='word_1_102' title='bbox 400 2338 497 2407; x_wconf 92' lang='lat' dir='ltr'><strong>nobis</strong></span> <span class='ocrx_word' id='word_1_103' title='bbox 512 2335 627 2404; x_wconf 91' lang='lat' dir='ltr'><strong>invitis</strong></span> <span class='ocrx_word' id='word_1_104' title='bbox 641 2357 755 2404; x_wconf 90' lang='lat' dir='ltr'>arcam</span> <span class='ocrx_word' id='word_1_105' title='bbox 776 2335 945 2405; x_wconf 87' lang='lat' dir='ltr'><strong>subducat</strong></span> <span class='ocrx_word' id='word_1_106' title='bbox 955 2333 984 2403; x_wconf 83' lang='lat'><strong>!&#39;&#39;</strong></span> 
     </span>
    </p>

    <p class='ocr_par' dir='ltr' id='par_1_7' title="bbox 401 2432 1408 2618">
     <span class='ocr_line' id='line_1_17' title="bbox 484 2432 1408 2519; baseline 0.001 -14"><span class='ocrx_word' id='word_1_107' title='bbox 484 2436 545 2505; x_wconf 92' lang='lat' dir='ltr'><strong>His</strong></span> <span class='ocrx_word' id='word_1_108' title='bbox 560 2435 674 2504; x_wconf 89' lang='lat' dir='ltr'><strong>verbis</strong></span> <span class='ocrx_word' id='word_1_109' title='bbox 688 2435 876 2504; x_wconf 91' lang='lat' dir='ltr'><strong>secundum</strong></span> <span class='ocrx_word' id='word_1_110' title='bbox 901 2434 1070 2505; x_wconf 91' lang='lat' dir='ltr'><strong>ambitum</strong></span> <span class='ocrx_word' id='word_1_111' title='bbox 1093 2432 1256 2517; x_wconf 66' lang='lat' dir='ltr'><strong>disoeaeit,</strong></span> <span class='ocrx_word' id='word_1_112' title='bbox 1280 2455 1408 2519; x_wconf 82' lang='lat' dir='ltr'><strong>meque</strong></span> 
     </span>
     <span class='ocr_line' id='line_1_18' title="bbox 401 2534 956 2618; baseline -0.002 -12"><span class='ocrx_word' id='word_1_113' title='bbox 401 2538 435 2606; x_wconf 92' lang='lat' dir='ltr'><strong>in</strong></span> <span class='ocrx_word' id='word_1_114' title='bbox 451 2558 531 2606; x_wconf 89' lang='lat' dir='ltr'><strong>eum</strong></span> <span class='ocrx_word' id='word_1_115' title='bbox 547 2542 794 2618; x_wconf 88' lang='lat' dir='ltr'><strong>respectantem</strong></span> <span class='ocrx_word' id='word_1_116' title='bbox 809 2534 956 2618; x_wconf 87' lang='lat' dir='ltr'><strong>reliquit.</strong></span> 
     </span>
    </p>
   </div>
   <div class='ocr_carea' id='block_1_4' title="bbox 0 0 1580 5016">
    <p class='ocr_par' dir='ltr' id='par_1_8' title="bbox 0 0 1580 5016">
     <span class='ocr_line' id='line_1_19' title="bbox 0 0 1580 5016; baseline 0 0"><span class='ocrx_word' id='word_1_117' title='bbox 0 0 1580 5016; x_wconf 95' lang='lat' dir='ltr'><strong> </strong></span> 
     </span>
    </p>
   </div>
  </div>
 </body>
</html>
