3128 5016
520 837 712 891 CROCHARD
734 839 812 891 ILLE
831 839 1057 892 lNVlNClBlLlS
1225 819 1287 888 243

284 1003 409 1083 quibus
424 1025 478 1070 me
495 1003 636 1071 docuisti
653 1004 809 1073 instituta
824 1027 862 1073 ac
878 1005 1042 1086 praesidia,
1054 1027 1132 1086 puae
1148 1004 1285 1087 quidem

284 1087 364 1153 milri
382 1108 514 1154 summa
531 1095 564 1154 et
581 1087 735 1155 absoluta
751 1089 921 1168 videntur,
944 1089 1069 1184 quibus
1084 1111 1161 1157 arca
1180 1089 1213 1155 in
1231 1096 1285 1155 tu-

284 1179 319 1236 to
344 1179 508 1265 servetur.
533 1171 606 1266 Ego
631 1193 766 1252 quoque
789 1173 858 1253 ipse
883 1180 1062 1240 stationem
1084 1173 1196 1239 visum
1227 1171 1283 1252 ivi,

283 1253 398 1320 cellam
426 1275 564 1334 rnspexr,
589 1262 779 1335 cunctaque
795 1257 897 1324 etiam
914 1256 1098 1337 singularia
1119 1256 1167 1323 ita
1183 1263 1222 1323 ut
1242 1264 1280 1323 tu

284 1336 448 1404 docueras
463 1338 581 1417 reperi.

368 1419 555 1498 “Quoniam
572 1431 606 1490 te
622 1431 661 1489 ut
677 1445 879 1503 generosum
902 1423 1134 1491 adversarium
1160 1422 1281 1489 summi

283 1504 380 1581 facio,
397 1503 564 1599 confidere
582 1506 641 1573 tibi
658 1528 724 1601 non
742 1507 860 1574 dubito
885 1508 1045 1574 futurum
1070 1515 1109 1574 ut
1136 1506 1169 1573 id
1192 1505 1282 1586 quod

284 1609 397 1654 meum
414 1595 466 1665 srt,
484 1588 536 1655 dre
554 1589 710 1657 Mercurii
728 1591 878 1671 proximo
906 1613 1104 1671 recuperare
1132 1611 1281 1670 pergam,

284 1693 350 1750 quo
367 1671 458 1736 lacto
475 1672 600 1767 rogabo
616 1680 660 1751 te,
677 1675 764 1740 utin
782 1674 977 1741 memoriam
994 1674 1067 1740 eius
1083 1673 1128 1741 rei
1146 1695 1284 1740 munus·

283 1754 398 1820 culum
416 1775 588 1834 propnum
605 1757 755 1837 accipere
772 1758 864 1825 velis,

367 1836 473 1904 “Cum
490 1840 578 1906 omni
596 1840 817 1908 humanitatis
832 1841 939 1908 officio
956 1862 1135 1921 persevero
1152 1847 1234 1907 tuus

558 1991 735 2061 “laconas
750 1992 959 2071 Cnocaarm,
977 1992 1033 2059 llle
1049 1991 1283 2059 lnvincibilis.'’

366 2214 480 2294 Quum
498 2213 591 2281 lectis
606 2213 727 2280 litteris
742 2212 775 2278 in
793 2212 943 2292 Godfrey
961 2212 1100 2292 respexi,
1117 2210 1184 2276 vicli
1202 2231 1280 2277 eum

281 2315 411 2381 curiose
428 2337 480 2380 me
497 2320 725 2381 contuentem.

366 2415 484 2482 “Certe
501 2415 553 2481 hic
571 2414 662 2481 iocus
678 2415 760 2492 est,'’
778 2414 821 2479 illi
840 2413 1004 2493 respondi.
1039 2412 1127 2478 Tum
1155 2411 1278 2478 iterum

281 2538 359 2582 eum
376 2516 498 2596 aspexi.
523 2515 614 2581 “Hoc
631 2515 791 2595 profecto,
809 2514 958 2593 Godirey
984 2512 1075 2579 haud
1102 2533 1223 2578 verum
1245 2519 1280 2577 et

282 2617 468 2696 genuinum
485 2638 556 2682 esse
573 2614 711 2695 putas!'‘

365 2716 513 2783 “Licebit
530 2716 561 2783 id
578 2715 673 2783 nobis
689 2717 832 2783 fortasse
848 2715 1020 2796 probare,”
1045 2714 1206 2780 immotus
1230 2733 1280 2778 re·

281 2817 423 2899 spondit.
447 2815 512 2883 “Et
529 2816 600 2884 haec
617 2838 685 2883 una
701 2825 751 2883 est
779 2817 947 2884 rationum
974 2837 1080 2896 quare
1107 2825 1140 2882 te
1167 2814 1278 2879 visum

280 2917 440 2985 venerim.
465 2918 556 2983 Num
573 2917 723 2984 Armand
740 2940 805 2983 non
818 2917 909 2997 apud
925 2925 959 2984 te
976 2916 1110 2996 reliquit
1126 2915 1278 2982 notulam

280 3040 386 3099 quum
405 3026 438 3084 te
455 3018 543 3084 domi
560 3040 626 3083 non
643 3017 831 3084 offenderat
841 3018 879 3084 ?”

364 3118 436 3186 “Sic
463 3140 553 3195 sane,
581 3118 724 3197 reliquit,
750 3140 811 3185 sua
838 3118 870 3184 in
898 3119 1046 3199 pagella;
1069 3117 1111 3184 ad
1138 3136 1277 3183 manum

280 3242 354 3287 earn
371 3219 517 3286 habe0!''
540 3219 629 3285 Tum
656 3219 770 3299 digitis
797 3220 949 3286 tremulis
973 3219 1136 3302 pugillare
1163 3237 1277 3284 meum

280 3319 432 3400 produxi,
448 3319 669 3399 notulamque
685 3342 703 3385 e
719 3320 892 3399 plicatura,
908 3319 941 3386 in
959 3341 1027 3400 qua
1038 3341 1112 3386 eam
1125 3316 1278 3385 candide

281 3442 362 3499 rarn,
379 3419 578 3499 exprompsi.

363 3520 424 3586 Vel
441 3541 532 3586 unus
547 3519 689 3588 obtutus
705 3522 785 3588 satis
807 3529 888 3588 erat.
920 3520 1114 3588 Versiculus
1128 3519 1162 3586 in
1180 3528 1277 3598 tergo

279 3620 361 3687 satis
390 3619 551 3700 prodebat
583 3619 673 3687 hunc
704 3621 820 3689 eadem
847 3642 950 3688 manu
978 3642 1056 3701 quae
1086 3619 1276 3701 epistolium

279 3721 467 3801 scripserat,
484 3742 555 3787 esse
571 3720 740 3801 scriptam.

363 3820 463 3887 Nunc
480 3842 560 3899 erpo
576 3844 698 3889 nornen
715 3823 788 3890 eius
802 3822 1003 3902 cognoscis?
1028 3821 1177 3902 Godfrey
1200 3819 1277 3888 sub

279 3920 398 4000 iunxit,
415 3920 521 4000 digito
536 3929 723 3990 attrectans
738 3945 860 3991 nomen
877 3923 1114 4003 subscriptum.
1137 3921 1276 3989 “Indea

279 4021 439 4101 principio
456 4043 515 4101 pro
531 4030 623 4088 certo
640 4024 719 4090 scivi
737 4024 827 4091 hunc
844 4024 953 4104 ipsum
970 4045 1048 4091 eum
1065 4046 1137 4091 esse
1148 4023 1176 4089 !’'

362 4120 580 4203 signaculum
597 4123 667 4192 sine
693 4146 851 4206 responso
877 4124 1100 4208 aspectabam.
1124 4124 1212 4192 Nam
1234 4122 1276 4190 de
