3150 5468
459 1315 611 1370 annum
629 1315 790 1369 vaurms
807 1314 1018 1370 snuurnmn
1170 1297 1233 1369 171

234 1486 303 1554 tine
312 1485 414 1554 foruli
423 1485 604 1567 aperiendi,
619 1484 806 1566 litterisque
821 1483 973 1567 potiundi
989 1481 1235 1566 impetrandam

236 1585 303 1655 acsi
320 1585 410 1654 vices
425 1585 570 1654 dominae
584 1593 729 1667 gereret,
744 1584 811 1653 huc
827 1584 989 1654 venisse.”

320 1702 433 1772 “Bene
449 1711 483 1771 te
499 1702 706 1771 existimasse
720 1701 896 1783 arbitror,”
912 1702 1008 1771 fatur
1023 1701 1173 1784 Godrrey
1184 1722 1235 1770 co

236 1803 455 1887 gitabundus

320 1920 393 1988 “Ex
408 1928 526 1988 nostra
542 1919 648 2002 igitur
662 1918 828 2002 opinione,
844 1927 1023 2002 postquam
1051 1919 1181 1989 Drouet
1202 1918 1237 1988 in

237 2021 396 2090 conclave
411 2020 623 2089 intromissus
638 2029 721 2101 erat,
737 2020 950 2102 conspicatus
964 2027 1016 2089 est
1031 2041 1154 2101 arcam,
1166 2027 1239 2089 ten·

238 2121 325 2190 tavit
342 2121 492 2189 torulum
509 2120 662 2201 evellere,
674 2120 776 2202 idque
787 2120 953 2189 moliendo
964 2120 1070 2190 fuisse
1081 2121 1238 2190 occisum.

239 2223 284 2290 nt
299 2221 381 2290 satis
396 2221 534 2304 planum
551 2229 602 2290 est
617 2242 708 2290 nunc
724 2221 806 2289 nihil
832 2242 970 2303 prorsus
984 2221 1072 2290 circa
1086 2220 1240 2289 torulum

239 2321 418 2403 essequod
434 2321 593 2403 cuiquam
609 2343 729 2390 nocere
745 2320 880 2404 possit.”

323 2438 416 2507 “Hoc
431 2447 523 2507 certe
539 2439 758 2507 manifestum
770 2446 832 2520 est,
844 2446 884 2508 ut
898 2439 979 2507 mihi
996 2438 1134 2522 quidem
1149 2438 1240 2509 vide·

242 2539 330 2619 tur,''
346 2539 466 2621 probat
481 2539 641 2620 Godfrey.

312 2655 365 2725 “Si
383 2678 464 2723 vero
480 2656 631 2724 forulum
647 2655 834 2737 evulsisset,
850 2656 981 2725 litteras
996 2657 1149 2739 profecto
1164 2678 1241 2726 exe·

241 2757 366 2836 misset,
382 2755 547 2837 siquidem
569 2755 726 2824 obstabat
752 2756 844 2824 nibil.
878 2756 1159 2840 Quandoquidem
1184 2779 1242 2826 eas

242 2878 309 2924 non
326 2855 460 2935 exemit,
468 2877 580 2923 nonne
596 2855 750 2936 sequitur
761 2877 895 2924 necesse
904 2863 956 2924 est
967 2878 1047 2924 eum
1058 2865 1242 2939 antequam

241 2955 353 3024 forulo
369 2954 498 3036 potitus
513 2963 611 3035 esset,
626 2955 732 3023 fuisse
758 2955 931 3023 occisum?
962 2956 1062 3039 Quin,
1087 2957 1242 3039 fortasse,

240 3077 353 3124 arcam
369 3076 411 3123 ne
428 3054 512 3122 vidit
527 3055 674 3136 quidem.
710 3055 798 3123 Eum
814 3055 878 3124 illic
893 3056 927 3123 in
943 3056 1092 3125 conclavi
1118 3079 1244 3126 caesum

242 3154 357 3234 fuisse,
367 3154 481 3236 paullo
490 3163 564 3236 post
574 3177 676 3236 quarn
688 3154 881 3223 Parkseum
891 3148 1246 3240 reliqueratoportet’'

326 3253 436 3334 “Quid
454 3262 528 3322 tum
544 3254 586 3322 de
603 3254 794 3323 Vantine?”
817 3255 940 3337 quaerit
956 3256 1116 3339 Godfrey.

327 3371 492 3440 “Prorsus
507 3371 649 3452 nesci0,”
666 3370 820 3454 respondi
837 3393 895 3454 spe
911 3373 1070 3442 deiectus
1093 3373 1169 3456 Ipse
1192 3373 1244 3443 lit·

245 3480 335 3540 teras
349 3494 416 3539 non
433 3471 566 3540 curavit
582 3507 622 3514 -
638 3471 664 3539 si
681 3471 832 3540 forulum
848 3471 902 3540 vel
924 3472 1069 3542 maxime
1093 3480 1245 3542 tentave-

246 3572 298 3651 rit,
314 3571 356 3640 ad
383 3593 566 3651 summum,
592 3571 786 3639 curiositate
812 3571 937 3640 ductus
960 3571 993 3640 id
1015 3572 1096 3654 egit,
1112 3581 1152 3642 ut
1167 3594 1246 3656 ope·

246 3671 339 3739 randi
357 3670 494 3738 modum
512 3671 585 3739 eius
600 3671 819 3752 experiretur.
837 3672 1009 3753 Attamen,
1025 3672 1144 3754 utique
1156 3672 1245 3742 idem

247 3770 337 3852 quod
354 3770 473 3838 occidit
496 3770 614 3850 Druet,
630 3779 664 3838 et
680 3792 759 3839 eum
775 3771 903 3839 occidit.
935 3772 1077 3840 Prorsus
1092 3772 1140 3841 ita
1156 3808 1195 3818 -
1211 3781 1246 3842 et

245 3875 346 3949 nunc,
362 3869 453 3951 qnod
469 3869 511 3938 de
526 3891 566 3937 ea
582 3891 618 3937 re
633 3870 755 3951 cogito,
771 3891 868 3951 aeque
884 3879 1015 3940 certum
1031 3880 1083 3939 est
1098 3893 1141 3940 ne
1165 3894 1246 3941 eum

250 3969 386 4050 quidem
403 3969 574 4050 aperuisse
586 3969 768 4037 forulum.”

331 4068 498 4148 “Quinam
516 4069 574 4136 tibi
592 4077 723 4137 constat
739 4069 772 4138 id
788 4077 920 4137 certum
936 4070 1053 4139 esse?'’

331 4184 481 4253 “Scilicet
498 4185 523 4252 si
541 4185 692 4253 forulum
708 4185 915 4266 evulsisset,”
938 4186 1109 4268 docebam,
1125 4187 1248 4270 “idque

249 4283 415 4352 moliendo
430 4306 538 4353 caesus
553 4293 651 4365 essct,
668 4285 801 4353 forulus
816 4294 955 4369 apertus
970 4287 1156 4356 mansisset.
1173 4288 1249 4356 Exi·

249 4383 428 4452 stimabam
446 4383 548 4465 prius,
566 4385 709 4452 fortasse
731 4385 882 4455 forulum
899 4408 959 4468 per
974 4408 1009 4454 se
1024 4386 1177 4456 clausum
1194 4388 1249 4456 fu·

248 4484 322 4562 isse,
347 4483 405 4552 sed
430 4492 468 4552 ut
494 4484 598 4564 vides,
625 4484 657 4552 id
685 4485 1248 4556 iactumnonest.Foruluseni1n

250 4605 353 4653 manu
370 4583 469 4652 debet
485 4582 606 4666 claudi,
622 4584 762 4667 eiusque
783 4607 865 4655 ansa
888 4584 922 4654 in
946 4585 1058 4655 locum
1080 4587 1249 4669 reprimi.”
