3128 5016
284 789 349 858 262
551 807 760 861 ursrunruu
780 807 888 861 Aaou
909 800 1029 863 noum

369 973 496 1055 “Heus,
512 974 661 1056 Lester‚’'
677 975 806 1045 affatur
820 997 875 1046 me
898 975 1090 1047 Simmonds
1103 997 1187 1046 voce
1208 996 1289 1060 quae

286 1074 427 1143 innuere
443 1074 624 1144 videbatur
638 1077 801 1145 effectum
827 1076 1061 1146 celebrationis
1083 1077 1289 1159 vespertinae

287 1196 330 1242 ne
346 1196 425 1243 eum
441 1175 578 1257 quidem
593 1197 733 1258 prorsus
759 1177 939 1258 effugisse
961 1176 1045 1258 quin
1060 1183 1095 1246 et
1110 1175 1226 1259 Grady
1240 1175 1289 1245 di·

285 1282 413 1355 gnatus
428 1283 478 1343 est
494 1282 582 1343 nutu
598 1277 718 1358 capitis
731 1298 786 1345 me
800 1297 995 1359 agnoscere,
1010 1275 1103 1346 unde
1129 1276 1288 1359 colligere

284 1374 364 1442 mibi
381 1375 502 1444 licebat
516 1395 595 1443 eum
611 1384 736 1458 praeter
751 1398 879 1446 morem
890 1383 1090 1445 contentum
1099 1398 1139 1445 ac
1146 1375 1287 1446 beatum

283 1495 319 1542 se
335 1475 470 1543 sentire.

368 1573 492 1653 “Heus
509 1576 730 1656 Simmonds‚”
747 1576 876 1646 reddidi
891 1577 922 1646 ei
938 1576 1093 1658 salutem,
1115 1597 1224 1659 quum
1243 1577 1287 1647 ad

285 1694 350 1754 me,
363 1677 426 1743 iter
441 1697 527 1756 pone
537 1698 594 1745 eos
606 1676 811 1745 occidentem
823 1698 943 1746 versus
954 1683 1226 1760 prosequentem,
1238 1697 1289 1746 re·

283 1795 430 1854 gressus
447 1797 580 1844 mecum
596 1777 667 1858 pari
682 1798 784 1858 passu
801 1779 886 1845 itare
901 1776 1013 1859 coepit.

369 1874 528 1956 “Piggott
545 1898 665 1944 verum
682 1877 874 1958 prodigium
889 1877 973 1958 est,''
988 1877 1099 1960 inquit
1114 1877 1179 1946 ille.
1201 1875 1287 1946 “Ve-

284 1996 343 2041 rus
359 1975 460 2042 ludi0¹
472 1984 644 2044 —cuncta
659 1976 785 2057 videre,
800 1984 924 2045 cuncta
939 1976 1122 2058 degustare
1136 1976 1285 2046 volebat

283 2073 427 2142 Parisios
441 2097 519 2143 cum
533 2076 595 2144 bac
612 2076 696 2144 urbe
712 2076 747 2144 in
762 2076 882 2144 eodem
907 2077 979 2145 loco
1001 2076 1193 2146 habendam
1215 2098 1284 2146 non

283 2195 355 2242 esse
371 2175 534 2242 censuit.”

367 2290 545 2369 “Quonam
562 2314 653 2360 nunc
669 2292 768 2361 itis?”
784 2314 901 2374 quaero
915 2313 989 2375 ego.

366 2391 487 2459 “Modo
502 2392 544 2459 ad
560 2392 740 2460 stationem
756 2392 903 2461 decuriae
917 2393 1053 2462 itamus.
1079 2393 1221 2476 Piggott
1235 2393 1284 2464 ait

282 2512 317 2558 se
333 2492 457 2572 aliquid
485 2492 574 2573 apud
604 2514 639 2559 se
665 2493 784 2573 celare,
810 2493 901 2576 quod
923 2514 985 2561 nos
1012 2515 1129 2563 omnes
1143 2501 1283 2577 stupore

282 2592 441 2673 percellat
457 2627 497 2636 -
513 2592 639 2673 aliquid
655 2601 737 2674 aget
751 2593 840 2662 circa
856 2614 969 2662 arcam
985 2592 1108 2662 illam.’'

365 2691 480 2759 “Circa
495 2692 585 2760 illam
601 2714 714 2761 arcam
724 2692 761 2761 ?''

364 2807 446 2889 “lta,
462 2830 542 2877 sane
558 2844 598 2852 -
620 2809 709 2877 illam
734 2808 858 2878 scilicet
881 2832 953 2879 rem
977 2809 1156 2893 fulgidam,
1178 2832 1282 2894 quam

282 2908 432 2989 Godfrcy
448 2909 610 2977 suadente
627 2909 660 2977 in
677 2909 794 2977 cellam
810 2910 1047 2980 occluseram.''

365 3008 606 3089 “Simmonds,'’
622 3031 739 3091 quaero
754 3010 797 3079 ab
820 3032 859 3079 eo
875 3011 972 3093 seri0,
988 3010 1115 3080 “scitne
1131 3010 1282 3096 Godfrey

280 3109 465 3190 quidquam
481 3109 523 3176 de
538 3131 578 3177 ea
593 3131 630 3177 re
640 3109 676 3176 ?”

363 3226 530 3303 “Nescit’'
547 3227 727 3308 respondet
742 3227 933 3296 Simmonds
953 3249 1021 3297 non
1037 3228 1109 3298 sine
1124 3229 1282 3300 sollicitu-

280 3326 366 3394 dine.
390 3326 526 3394 “ll-lonui
544 3326 658 3408 Grady
669 3327 863 3395 consultum
878 3328 952 3396 fore
969 3335 1008 3396 ut
1032 3327 1087 3397 ille
1112 3350 1174 3412 per
1199 3328 1282 3399 tele-

280 3427 431 3508 pbonum
448 3427 661 3507 invitaretur,
678 3427 736 3495 sed
752 3428 937 3510 praefectus
952 3427 1145 3510 excanduit,
1155 3451 1281 3513 meque

384 3681 406 3729 l.
426 3675 531 3737 bodio,
550 3677 621 3728 mie:
637 3679 742 3743 proprie
768 3679 875 3736 mimus.
888 3686 964 3731 actor
981 3680 1125 3739 scoenicus.
1139 3696 1222 3733 oensu
1233 3681 1283 3733 llo

280 3778 374 3818 manci:
393 3762 437 3810 scel
452 3778 535 3821 (prium
551 3768 577 3812 et
590 3761 636 3811 alii
650 3763 714 3819 ludi,
727 3762 876 3826 prasertim
890 3762 940 3813 bac
955 3769 1048 3815 nostra
1061 3769 1232 3828 tempestate,
1251 3765 1280 3817 in

280 3863 329 3896 usn
344 3847 407 3899 sint.
422 3852 446 3894 el
459 3861 542 3905 quum
558 3845 679 3908 plerique
693 3845 816 3895 homines
826 3845 894 3896 nibil
903 3845 977 3897 uliud
987 3846 1014 3896 in
1030 3846 1088 3898 vita
1100 3852 1185 3910 agant
1196 3860 1281 3910 quam

279 3931 381 3981 ludunt.
396 3935 422 3977 et
438 3929 482 3977 vix
496 3929 645 3989 quidquam
657 3930 726 3978 sorio
740 3935 845 3988 agatur,
860 3927 994 3979 ludiones
1011 3929 1060 3991 qui
1074 3929 1145 3994 pilia,
1159 3929 1281 4007 follibus,

277 4012 497 4073 «omittundum,
513 4012 631 4060 vorando
657 4028 687 4061 nc
713 4012 833 4074 potando
859 4012 1166 4076 pretiosametunicnm
1193 4014 1280 4067 vitam

280 4102 447 4163 percurrant,
460 4095 557 4146 morito
569 4095 786 4160 appellabuntur.
