3128 5016
519 779 807 835 maromnonus
1123 767 1164 838 95

163 968 241 1015 cum
257 969 392 1030 quoque
408 955 459 1017 est
474 956 509 1018 et
524 949 602 1018 hinc
618 951 829 1031 praclarum.
842 951 928 1019 Tam
938 958 990 1020 est
1000 952 1101 1021 unica
1116 953 1166 1021 fa·

162 1047 242 1116 bula
256 1069 357 1130 quam
372 1049 437 1117 ista
453 1071 531 1118 arca
546 1050 651 1119 Boule
664 1049 694 1118 !”

246 1147 383 1218 “Iamne
412 1171 503 1219 nunc
534 1157 573 1218 tu
605 1172 741 1233 quoque
772 1151 977 1234 perspicisl”
1015 1153 1157 1235 quaesivi

158 1269 250 1329 aegre
260 1249 474 1331 aliquantum
489 1251 579 1333 quod
594 1251 788 1321 coniectura
803 1274 878 1320 mea
894 1259 965 1322 tam
980 1259 1069 1322 esset
1085 1275 1160 1336 per·

163 1370 289 1430 splcua.

246 1450 360 1519 “Num
387 1451 586 1533 perspiciam
596 1451 632 1519 ?”
660 1453 784 1534 quaerit
809 1454 843 1521 in
870 1453 985 1522 sellam
1003 1454 1163 1523 recidens.

160 1549 266 1632 “Quis
281 1551 343 1619 nisi
360 1574 473 1621 coecus
488 1574 556 1620 non
573 1553 715 1621 videat?
748 1554 836 1623 Utut
852 1561 966 1622 tamen
983 1555 1035 1636 sit,
1052 1555 1095 1624 ob
1110 1577 1164 1624 res

161 1651 208 1719 sic
224 1652 364 1719 collatas
379 1651 481 1720 fidem
497 1653 646 1721 auctoris
661 1653 721 1721 tibi
739 1653 861 1722 tn'buo.
898 1655 965 1723 Tot
991 1655 1080 1722 enim
1106 1677 1164 1722 no·

159 1760 270 1820 strum
288 1788 325 1796 -
342 1753 394 1820 uti
410 1751 544 1834 Grady!
563 1790 600 1797 -
616 1755 664 1821 ita
680 1754 872 1823 ratiocinari
899 1763 1084 1837 nequeunt,
1101 1778 1162 1823 nec

158 1874 238 1933 quae
253 1853 381 1934 negligi
396 1862 523 1935 queant
539 1854 767 1923 internoscere
793 1856 919 1923 valent.
955 1855 1019 1936 Sic,
1045 1877 1162 1924 secun·

158 1953 242 2021 dum
258 1951 383 2034 Grady,
398 1954 491 2036 quod
509 1955 656 2023 Vantine
672 1955 706 2023 in
721 1956 964 2037 possessionem
976 1977 1064 2024 arcae
1076 1956 1162 2025 Bou·

158 2054 189 2122 le
218 2075 299 2122 casu
330 2054 435 2135 venit,
450 2055 640 2123 verosimile
657 2063 745 2124 esset
761 2057 893 2124 factum
909 2056 1161 2138 negligendum,

157 2161 262 2235 atque
277 2154 339 2222 hoc
355 2154 467 2236 ipsum
489 2156 621 2224 factum
638 2163 690 2224 est
705 2156 857 2224 omnium
883 2163 1086 2225 caeterorum
1112 2179 1162 2225 es-

158 2254 277 2322 sentia.
299 2255 343 2322 Et
359 2263 398 2324 tu
415 2256 506 2323 solus
521 2256 555 2323 id
571 2257 807 2338 perspexisti.”

242 2354 308 2422 “At
325 2363 363 2424 tu
380 2377 516 2438 quoque
530 2355 563 2423 id
579 2357 646 2424 cito
669 2356 893 2437 intellexisti,'’
909 2357 1058 2439 inquam,
1075 2357 1161 2441 “pri-

156 2477 252 2522 mum
267 2477 371 2537 quam
387 2456 448 2524 tibi
462 2455 588 2525 innui.”

242 2555 315 2624 “lta
328 2554 476 2638 quidem,
494 2557 552 2625 sed
569 2565 606 2627 tu
623 2557 669 2626 sic
696 2557 841 2626 retulisti
869 2565 909 2626 ut
935 2559 982 2626 rei
1009 2559 1163 2640 gravitas

155 2663 245 2723 esset
261 2655 453 2725 manifesta.
477 2657 554 2725 Non
570 2679 691 2740 capere
707 2658 798 2726 haud
815 2665 978 2740 poteram.
1007 2659 1097 2728 Puto
1113 2668 1161 2728 et·

153 2753 222 2825 iam
239 2764 425 2839 utrumque
440 2765 595 2826 nostrum
611 2780 708 2839 paene
724 2757 812 2826 idem
828 2758 871 2826 de
897 2781 937 2826 ea
962 2781 997 2827 re
1024 2760 1160 2828 sentire.

156 2858 319 2939 Nempe,'’
335 2857 388 2924 hic
404 2856 518 2938 digitis
533 2859 636 2940 coepit
651 2880 841 2927 numerare.
865 2857 975 2927 “Arca
989 2860 1160 2929 occultum

155 2959 307 3026 forulum
324 2957 485 3026 continet.
496 2957 529 3026 Si
542 2958 631 3026 enim
648 2980 688 3026 ea
704 2981 823 3027 revera
836 2959 1002 3027 Matrona
1014 2959 1054 3028 de
1068 2958 1161 3028 Mon-

155 3067 274 3140 tespan
291 3059 407 3138 luerit,
423 3080 537 3126 carere
553 3081 593 3126 eo
609 3080 676 3126 non
693 3066 882 3140 poterat-
898 3059 970 3142 ipsa
982 3081 1022 3127 ea
1033 3081 1070 3128 re
1084 3083 1161 3142 ege·

155 3159 214 3228 bat
237 3180 376 3240 prorsus
401 3159 448 3226 ita
475 3165 514 3226 ut
543 3159 614 3240 ipsa
640 3159 782 3227 reticula
808 3159 930 3241 egebat
946 3160 980 3227 in
996 3161 1161 3243 supparis,

155 3267 217 3328 aut
242 3261 425 3341 gemmatis
450 3259 583 3328 nodulis
608 3259 642 3327 in
666 3260 837 3327 manutiis.
864 3259 1010 3329 Forulus
1025 3260 1063 3342 is,
1079 3285 1161 3345 quo

154 3360 246 3429 niam
262 3361 408 3428 fortasse
424 3359 628 3428 documenta
643 3359 752 3442 pretio
769 3359 860 3429 haud
872 3360 1072 3430 aestimanda
1084 3385 1160 3431 con·

153 3469 315 3530 tenturus
330 3467 414 3540 erat,
431 3460 537 3528 veluti
554 3460 684 3528 litteras
700 3460 811 3540 regias
823 3461 1005 3530 amatorias
1019 3497 1060 3507 -—
1076 3463 1158 3545 quin

153 3562 257 3629 etiam
282 3561 358 3642 plus
383 3560 409 3628 si
434 3560 577 3641 idgenus
602 3560 725 3628 litterae
751 3560 795 3628 ab
818 3560 883 3628 alio
898 3561 972 3629 viro
988 3563 1102 3632 erant!
1120 3598 1159 3608 -

153 3661 321 3743 condigne
338 3659 581 3730 custodiendus
597 3667 681 3741 erat,
695 3661 839 3743 ideoque
865 3661 1097 3732 mechanisma
1112 3665 1161 3731 ef·

152 3761 352 3844 tingendum
368 3768 441 3830 erat
457 3760 499 3829 ad
515 3761 816 3843 compungendum
827 3762 1012 3843 quemlibet
1027 3763 1158 3845 aperire

152 3869 344 3930 tentantem
360 3861 453 3930 etad
478 3883 648 3930 venenum
667 3868 737 3929 tam
768 3861 892 3931 lethale
923 3863 968 3930 illi
998 3862 1160 3932 instillan-

152 3961 245 4042 dum,
263 3969 302 4030 ut
319 3967 520 4110 prvzesentem
535 3961 679 4030 inferret
695 3969 850 4031 mortem.
882 3961 1031 4031 Rectene
1045 3962 1159 4032 hacte-

151 4083 217 4131 nus
233 4062 342 4132 sentio
356 4063 389 4131 .”
