3128 5016
654 771 768 824 amun
788 769 987 824 amomum
1239 755 1281 824 17

360 940 515 1022 “Nescio,
533 940 579 1009 mi
594 939 704 1021 Here;
725 939 869 1021 Anglice
882 939 957 1008 fere
983 938 1068 1008 nihil
1095 938 1223 1009 sciebat
1239 973 1280 984 -

279 1043 449 1112 Francum
465 1061 545 1109 eum
558 1039 667 1109 fuisse
682 1039 799 1122 puto.’'

361 1141 572 1223 Goldberger
597 1139 724 1209 iterum
750 1138 911 1208 deorsum
926 1139 961 1208 in
977 1139 1126 1210 cadaver
1153 1148 1283 1223 specta·

279 1243 339 1312 bat
356 1248 391 1312 et
405 1247 510 1323 caput
524 1239 691 1309 motabat.

360 1341 593 1424 “Prosequere
603 1339 632 1408 l''
650 1339 698 1409 ait
713 1339 777 1409 ille.

362 1440 418 1510 “Is
431 1463 515 1510 vero
529 1447 602 1510 tarn
618 1447 693 1509 erat
706 1439 822 1509 animo
837 1438 1020 1520 concitus,''
1036 1440 1149 1522 pergit
1164 1440 1281 1524 Parks,

278 1543 340 1612 “ut
355 1543 410 1611 vel
426 1540 518 1623 quod
533 1562 656 1624 parum
671 1540 814 1623 Anglice
830 1539 978 1621 sciverit,
994 1540 1025 1608 ei
1041 1540 1252 1610 excidisset.”

361 1641 459 1725 “Qua
484 1641 526 1710 de
552 1662 655 1710 causa
681 1661 761 1709 eum
787 1639 996 1710 concitatum
1024 1640 1132 1710 fuisse
1157 1640 1282 1711 iudica·

281 1742 403 1811 vistil'’

362 1842 435 1911 “lta
450 1841 644 1924 balbutivit,
662 1841 711 1910 ita
725 1841 814 1910 oculi
829 1839 1068 1910 scintillabant.
1085 1840 1168 1910 Inde
1184 1848 1283 1924 puta·

279 1943 409 2013 vicum
435 1941 627 2023 intravisse,
643 1949 685 2011 ut
699 1941 753 2011 hic
768 1949 915 2010 mortem
940 1940 1080 2010 suicidio
1104 1948 1282 2024 oppeteret

279 2080 319 2089 —
345 2066 408 2112 nec
434 2043 578 2111 mirarer
603 2042 631 2110 si
657 2041 823 2124 reperires
848 2064 928 2111 eum
952 2041 1107 2111 alicunde
1124 2042 1282 2111 evasisse.

279 2141 537 2227 Quodammodo
553 2142 589 2211 in
604 2150 757 2211 mentem
772 2142 856 2210 mihi
877 2143 974 2212 vehit
989 2143 1097 2211 satius
1111 2143 1187 2210 fore
1202 2164 1283 2210 eum

279 2244 427 2326 exigere,
444 2264 548 2325 quam
566 2242 735 2324 pagellam
752 2242 825 2310 eius
839 2242 922 2311 hero
948 2242 1096 2312 Vantine
1122 2241 1283 2311 exhibere

279 2380 321 2389 -
336 2344 470 2413 utinam
485 2345 535 2410 ita
550 2342 707 2411 fecissem
724 2377 764 2386 -
781 2349 917 2411 atvero
942 2343 1112 2425 pagellam
1140 2341 1214 2410 eius
1239 2341 1282 2411 ad

280 2444 402 2514 berum
418 2442 567 2511 Vantine
583 2441 701 2522 detuli,
716 2441 821 2510 herus
836 2464 920 2511 vero
946 2443 1094 2512 Vantine
1120 2463 1200 2510 eum
1222 2463 1283 2524 per

280 2566 334 2614 me
350 2542 524 2612 considere
540 2541 638 2610 iussit
653 2548 760 2623 atque
776 2563 812 2609 se
828 2542 987 2624 opperiri,
1003 2541 1142 2624 prohinc
1157 2541 1283 2611 iterum

280 2642 449 2722 descendi,
466 2641 639 2711 hominem
655 2640 723 2710 huc
738 2642 915 2723 intromisi,
930 2642 1121 2723 horumque
1135 2641 1284 2711 Vantine

279 2766 359 2813 mox
373 2743 607 2812 adventurum
622 2741 653 2810 ei
669 2741 748 2822 dixi,
765 2763 833 2824 quo
849 2743 953 2823 facto,
969 2742 1099 2825 Rogers
1114 2748 1150 2810 et
1163 2763 1229 2824 ego
1240 2741 1283 2811 ad

280 2842 518 2927 prandendum
534 2841 744 2922 recessimus,
771 2841 885 2924 ibique
912 2842 955 2911 ad
983 2841 1147 2910 tinnitum
1173 2863 1283 2924 usque

280 2945 368 3013 nolae
394 2942 606 3022 sedebamus,
633 2949 708 3010 turn
735 2963 801 3024 ego
827 2942 895 3011 huc
920 2941 1055 3023 accessi,
1080 2941 1139 3010 ubi
1161 2941 1284 3011 herum

281 3043 429 3114 Vantine
445 3043 702 3124 praestolantem
724 3041 866 3125 reperi.”

364 3143 489 3211 “Aisne
505 3151 544 3212 tu
561 3150 596 3211 te
612 3142 810 3226 Rogersque
833 3141 1035 3224 discessisse,
1061 3149 1166 3224 atque
1192 3141 1284 3211 hunc

281 3243 503 3328 peregrinum
518 3242 573 3312 hic
589 3243 698 3311 solum
714 3241 928 3326 reliquisse?”

365 3341 586 3412 “Triclinium
602 3343 824 3423 famulorum,
841 3342 943 3424 Here,
964 3342 999 3410 in
1015 3348 1169 3410 extrema
1182 3341 1285 3410 fauce

282 3451 343 3514 est.
371 3443 511 3512 ianuam
527 3449 682 3525 apertam
700 3441 898 3524 reliquimus
912 3448 953 3511 ut
967 3447 1167 3524 prospectus
1188 3439 1286 3510 nobis

283 3565 344 3627 per
359 3542 609 3625 longitudinem
624 3541 780 3611 faucium
795 3541 830 3609 in
846 3541 973 3610 atrium
990 3563 1099 3623 usque
1125 3541 1202 3609 ostii
1229 3561 1287 3622 pa·

283 3650 381 3713 teret.
404 3642 438 3712 Si
454 3665 473 3711 e
487 3642 640 3713 conclavi
656 3663 816 3724 egressus
831 3648 931 3723 esset,
946 3641 1044 3711 nobis
1065 3662 1145 3710 eum
1169 3640 1285 3710 videre

283 3743 463 3813 licuisset.”

368 3842 422 3912 “N
424 3865 462 3911 ec
476 3849 528 3911 est
544 3840 616 3923 ipse
633 3841 667 3910 in
682 3841 850 3911 ambitum
864 3863 1024 3924 egressus
1049 3841 1132 3910 dum
1156 3863 1218 3910 vos
1239 3839 1285 3910 ibi

284 3941 545 4014 morabamini?”

368 4042 467 4111 “Non
488 4042 571 4111 est.”
