3150 5468
330 1199 393 1269 206
592 1218 801 1271 nrsrnruuu
824 1219 930 1272 Anca
951 1212 1070 1273 roura

331 1386 418 1466 pello
434 1386 468 1454 in
484 1408 599 1466 manu,
616 1408 869 1469 sursumrepere
884 1387 1118 1456 animadverti.
1132 1389 1205 1470 Ego
1216 1410 1335 1470 seque·

330 1485 401 1566 bar,
416 1486 474 1554 sed
490 1494 529 1555 ut
544 1509 665 1555 verum
680 1489 800 1568 fatear,
816 1509 930 1569 genua
945 1487 1026 1555 mihi
1038 1489 1249 1567 vacillabant,
1259 1496 1334 1557 erat

331 1586 421 1654 enim
438 1587 472 1654 in
488 1609 527 1655 ea
543 1610 625 1656 voce
641 1609 750 1668 usque
767 1588 894 1656 fluente
909 1588 1035 1669 aliquid
1059 1589 1184 1656 sinistri
1208 1597 1243 1657 et
1264 1589 1333 1656 for·

332 1686 494 1754 midolosi.
516 1687 689 1755 Simillima
704 1710 745 1755 ea
760 1695 834 1756 erat
848 1688 922 1756 voci
946 1688 1090 1756 hominis
1105 1689 1235 1768 furiosi,
1251 1689 1333 1756 mihi

332 1787 468 1867 quidem
492 1788 615 1868 partim
640 1788 811 1868 ferociam,
835 1789 959 1869 partim
990 1788 1203 1870 triumphum
1234 1811 1330 1857 sona·

331 1886 465 1954 bat...

415 1987 453 2054 ln
470 1987 608 2068 fastigio
623 1987 794 2069 graduum
811 1988 962 2070 Godfrey
984 1989 1154 2070 paulisper
1169 1989 1331 2070 substitit,

329 2107 497 2166 auresque
512 2087 666 2167 intendit;
683 2095 757 2155 tum
768 2095 868 2155 caute
880 2111 1000 2157 versus
1015 2089 1151 2157 ianuam
1164 2096 1328 2170 apertam,

330 2186 421 2254 unde
437 2209 503 2254 vox
519 2187 686 2268 profluere
708 2187 888 2256 videbatur
911 2210 1120 2270 progressus
1144 2211 1248 2256 manu
1270 2211 1334 2257 nos

329 2284 372 2352 ad
387 2286 593 2354 manendum
610 2286 668 2354 ubi
684 2309 843 2368 essemus,
859 2288 1071 2369 significavit.
1096 2288 1142 2356 Ut
1170 2311 1252 2356 vero
1273 2310 1331 2370 ge-

328 2384 430 2453 nibus
465 2386 631 2466 insistens,
668 2387 859 2467 sudoreque
896 2409 1047 2467 manans,
1084 2387 1331 2469 auscultabam,

330 2506 438 2553 unum
455 2485 599 2554 verbum
615 2485 739 2567 saepius
755 2487 937 2566 repetitum
952 2487 1088 2555 audivi:

481 2685 698 2756 “Vindiclu!
741 2688 930 2756 Vindicta!
966 2689 1132 2756 Vindicta
1141 2691 1181 2757 l''

412 2888 502 2955 Tum
529 2887 644 2956 audivi
661 2909 778 2956 vocem
803 2888 899 2968 quasi
921 2886 1105 2968 concidere,
1135 2889 1329 2970 iterumque

328 2986 434 3054 fluere
451 2988 556 3056 veluti
574 2988 777 3056 submissum
794 2987 952 3055 hirritum
974 2988 1081 3055 instar
1094 2989 1187 3056 canis
1203 2988 1328 3069 praedae

328 3086 459 3167 intenti,
476 3095 579 3169 atque
596 3110 717 3156 sonum
733 3087 864 3169 percepi
881 3096 1056 3168 tamquam
1072 3088 1148 3155 telae
1160 3089 1328 3157 laceratae.

410 3187 560 3269 Godlrey
575 3187 720 3269 genibus
736 3188 959 3268 manibusque
971 3187 1128 3256 insistens
1142 3187 1176 3254 in
1192 3188 1329 3256 cubicu-

327 3286 396 3355 lum
413 3287 631 3368 inspectabat.
655 3288 740 3355 Dein
764 3309 799 3355 se
822 3295 977 3367 retractu,
1004 3295 1099 3355 motu
1124 3290 1245 3356 mamis
1266 3310 1330 3357 nos

327 3388 513 3455 accersivit.

410 3487 655 3569 Spectaculum,
672 3487 763 3569 quod
779 3487 866 3555 visui
883 3509 957 3555 meo
969 3509 1029 3569 per
1040 3488 1206 3568 angulum
1216 3486 1329 3556 ianuae

327 3596 362 3656 et
378 3588 468 3655 intra
483 3596 613 3669 postem
625 3587 829 3668 speculantis
838 3587 971 3667 obtulit,
981 3587 1052 3655 dies
1060 3586 1142 3654 mihi
1152 3608 1330 3668 nunquam

326 3689 460 3757 delebit.

409 3787 612 3858 Cubiculum
628 3787 718 3868 quod
735 3786 963 3868 inspectabam
976 3809 1015 3855 eo
1031 3787 1100 3855 solo
1115 3785 1242 3854 lumine
1253 3794 1328 3856 erat

326 3890 560 3957 collustratum
577 3887 667 3968 quod
684 3888 772 3955 inter
787 3887 880 3953 foros
895 3889 1026 3953 clausos
1049 3887 1210 3954 fenestrae
1226 3908 1326 3968 pene-

326 3989 449 4057 trabat.
474 3989 512 4055 ln
528 3987 638 4054 medio
654 3987 806 4054 tabulato
823 3986 934 4053 stabat
949 4005 1027 4054 arca
1047 3986 1162 4066 Boule,
1178 3994 1326 4068 anteque

326 4111 410 4169 eam,
428 4097 525 4168 tergo
541 4088 583 4155 ad
600 4087 736 4154 ianuam
753 4108 861 4164 verso,
877 4086 976 4153 homo
993 4084 1130 4166 quidam
1140 4085 1326 4168 occupaba-

326 4196 384 4257 tur
398 4188 611 4256 involucrum
636 4186 826 4254 revellendo
851 4208 889 4253 ac
913 4185 1100 4264 lacerando,
1122 4207 1190 4266 quo
1212 4207 1253 4253 ea
1267 4186 1325 4254 ob

326 4291 443 4358 voluta
457 4295 540 4367 crat,
558 4288 686 4354 interea
701 4287 822 4353 furens
838 4306 951 4352 secum
967 4284 1074 4352 veluti
1102 4306 1160 4365 per
1184 4292 1325 4354 cantum

325 4410 481 4457 mussans
496 4396 600 4468 atque
616 4386 812 4467 grunniens,
829 4385 970 4452 subinde
995 4385 1125 4465 sistens,
1149 4393 1189 4452 ut
1212 4386 1327 4455 oculos

323 4491 358 4558 in
374 4489 586 4570 manipulum
602 4487 824 4555 convolutum
839 4485 882 4552 ad
908 4485 998 4552 latus
1028 4484 1162 4553 adversi
1187 4484 1326 4566 parietis
