3128 5016
628 783 714 837 sons
736 783 820 836 nom
843 782 949 836 mour
1222 769 1286 838 289

281 953 431 1034 usquein
447 953 609 1022 sessibulo
620 953 770 1033 sedente,
791 951 851 1021 sed
862 950 921 1019 ubi
934 950 1048 1034 Grady
1064 973 1105 1020 eo
1121 958 1284 1031 verterat,

278 1053 400 1135 aliquis
421 1053 455 1121 in
471 1053 586 1123 limine
600 1052 805 1136 argentariae
829 1051 1019 1132 comparuit
1035 1058 1070 1121 et
1085 1050 1128 1120 ad
1144 1072 1207 1120 nos
1221 1050 1286 1120 cla·

279 1153 516 1223 mitavit-ita
527 1161 643 1222 tamen
670 1160 710 1222 ut
719 1153 852 1222 nullum
867 1152 941 1221 eius
956 1151 1102 1221 verbum
1117 1150 1285 1233 intellige·

280 1275 361 1323 rem.
388 1255 435 1322 At
450 1253 565 1336 Grady
587 1254 692 1336 probe
718 1252 901 1322 videbatur
931 1273 972 1321 ea
1000 1251 1182 1335 excepisse,
1204 1272 1284 1320 nam

279 1376 339 1436 per
352 1354 480 1436 gradus
494 1353 650 1436 accurrit,
666 1353 752 1423 binis
767 1353 877 1435 simul,
893 1356 933 1422 ea
944 1351 1144 1435 pernicitate
1159 1351 1286 1434 persul-

279 1455 362 1522 tatis
376 1476 455 1536 quae
468 1454 503 1523 in
519 1454 655 1523 homine
670 1461 742 1523 tarn
757 1453 945 1537 ponderoso
959 1452 1047 1521 mira
1061 1450 1171 1521 videri
1186 1450 1285 1520 debe

280 1553 348 1635 bat,
362 1575 464 1636 quem
479 1576 544 1636 ego
559 1553 712 1623 aemulari
729 1552 822 1622 haud
832 1574 974 1636 possem.
991 1551 1105 1634 Aliqui
1116 1551 1160 1621 ad
1175 1572 1285 1621 unum

279 1655 369 1723 latus
384 1654 544 1723 vestibuli
559 1654 696 1723 stabant
718 1654 876 1723 deorsum
902 1653 937 1722 in
953 1651 1123 1736 pulvinari
1139 1659 1287 1735 prostra-

280 1760 355 1823 tum
378 1755 573 1837 quempiam
596 1761 799 1837 spectantes.
836 1754 903 1824 Vix
929 1760 1102 1822 momento
1123 1751 1286 1835 temporis

280 1854 506 1924 animadverti
536 1855 728 1925 Simmonds
753 1876 832 1923 eum
863 1876 936 1923 esse
961 1853 1082 1937 supine
1107 1852 1286 1933 iacentem,

281 1956 386 2024 oculis
401 1963 517 2024 autem
532 1957 673 2037 laquear
688 1954 796 2036 rigide
812 1955 1015 2023 intuentem.

364 2054 520 2125 Secundo
535 2063 650 2124 tamen
661 2054 785 2123 obtutu
801 2053 1008 2137 deprehendi
1023 2053 1138 2122 oculos
1148 2052 1223 2121 visu
1235 2074 1288 2121 ca·

284 2178 365 2224 rere.
376 2155 490 2237 Grady
501 2156 649 2224 multum
662 2155 852 2224 concitatus
867 2153 990 2224 cubitis
1001 2153 1063 2223 sibi
1075 2174 1135 2236 per
1148 2151 1287 2222 turbam

282 2255 414 2325 aditum
428 2255 530 2324 silens
543 2254 688 2337 paravit.

366 2355 452 2425 “Ubi
469 2363 521 2425 est
538 2355 676 2437 Kelly?''
692 2354 826 2437 quaerit.

366 2455 419 2523 Ad
435 2454 507 2524 haec
522 2455 628 2524 verba
643 2453 782 2538 quidam
807 2454 919 2524 albida
934 2453 1032 2534 facie,
1056 2452 1288 2536 synthesique¹

283 2555 435 2635 indutus,
450 2576 469 2623 e
485 2556 566 2623 sella
587 2555 745 2636 surrexit,
762 2577 831 2638 quo
862 2554 991 2623 viribus
1016 2553 1204 2623 exhaustus
1220 2574 1291 2622 cor·

284 2677 382 2723 ruere
399 2654 591 2723 videbatur.

368 2754 487 2824 “Tune
503 2755 569 2824 illic
584 2756 662 2824 es?”
677 2756 801 2824 clamat
816 2754 941 2837 Grady,
960 2754 1066 2824 atroci
1077 2775 1157 2823 eum
1172 2761 1290 2824 contu·

283 2856 351 2925 itus
365 2857 476 2924 vultu.
492 2855 625 2924 “Narra
638 2876 740 2935 nunc,
753 2855 835 2937 quid
847 2853 987 2924 evenit?
1003 2853 1289 2924 -Narraautem

284 2956 465 3026 confestim
476 2955 505 3023 !’'

367 3055 566 3137 “Equidem,
583 3055 629 3123 mi
647 3055 768 3135 Here,”
786 3054 931 3122 balbutit
948 3053 1055 3136 Kelly,
1077 3051 1217 3122 “revera
1237 3053 1291 3123 hic

285 3156 369 3224 nihil
385 3155 545 3224 accidisse
557 3156 634 3223 scio.
652 3155 767 3237 Quum
783 3168 898 3222 tamen
915 3153 979 3222 illic
994 3153 1037 3221 ad
1052 3153 1163 3222 incile²
1173 3153 1295 3223 consti·

289 3266 452 3336 teramus,
468 3278 532 3337 ego
548 3263 668 3324 autem
684 3255 726 3323 ad
743 3254 964 3337 aperiendum
979 3255 1166 3322 claustrum
1182 3253 1295 3323 clavu-

286 3356 365 3425 laris
394 3356 646 3436 descenderam,
684 3362 809 3437 praeter
824 3353 1015 3424 Simmonds
1039 3353 1085 3421 ibi
1115 3374 1223 3435 quum
1238 3375 1296 3423 ne-

286 3456 412 3524 minem
434 3455 554 3537 reperi,
569 3455 660 3523 hunc
680 3455 810 3523 aflatus
829 3476 916 3535 sum,
938 3454 997 3524 sed
1021 3453 1153 3523 nullum
1168 3452 1231 3522 tuli
1246 3475 1297 3522 re·

285 3577 446 3638 sponsum
458 3577 619 3637 -quum
636 3576 720 3623 vero
735 3576 816 3624 eum
832 3561 1078 3636 attrectassem,
1092 3553 1166 3636 ipse
1181 3553 1294 3636 aliquo

388 3741 409 3790 1.
428 3736 592 3802 Synthesis,
609 3737 655 3798 -to,
673 3738 706 3789 f.:
721 3738 828 3802 proprie
840 3754 936 3790 omnes
949 3744 1039 3802 partes
1051 3739 1219 3799 vestimenti,
1231 3755 1292 3805 quae

288 3839 373 3873 unum
386 3822 577 3873 indumentum
592 3822 729 3881 efficiunt;
747 3820 793 3873 hic
807 3837 839 3873 eo
851 3838 933 3873 sensu
942 3821 1046 3887 accipio
1058 3837 1112 3888 quo
1124 3822 1294 3875 “uniformes

290 3907 396 3959 vestes”
409 3921 539 3970 usurpare
551 3905 676 3958 solemus.

388 3992 412 4042 2.
430 3987 531 4051 lncile,
549 3988 597 4050 -io,
613 4005 648 4050 n.,
661 3996 703 4042 est
717 3990 793 4041 locus
807 3988 918 4040 infimus
931 3988 960 4039 in
974 3988 1027 4048 via,
1041 3988 1191 4041 secundum
1203 3989 1295 4042 trami-

291 4081 356 4134 tem,
371 4073 417 4125 ubi
431 4088 508 4139 aquae
521 4072 677 4125 decurrunt.
