3128 5016
752 1857 903 1927 CAPUT
929 1858 960 1926 ll

681 2045 807 2111 Pmma
836 2045 1031 2125 Tropoedio.

440 2262 515 2330 VEL
537 2278 647 2330 uruco
668 2261 738 2331 ictu
754 2262 840 2330 oculi
857 2261 939 2330 satis
951 2261 1080 2330 clarum
1096 2269 1171 2330 erat
1187 2261 1357 2330 hominem

356 2369 531 2430 mortuum
546 2383 628 2430 esse.
651 2361 755 2430 Nulla
780 2361 815 2429 in
839 2383 879 2430 eo
900 2361 1001 2430 vultu
1027 2361 1131 2430 livido
1157 2361 1230 2430 vita
1252 2361 1358 2430 latere

356 2470 500 2544 poterat,
516 2470 576 2530 aut
592 2461 723 2530 veroin
739 2461 844 2530 oculis
859 2461 948 2529 vitro
965 2461 1137 2530 similibus.

440 2561 551 2631 “Cave
567 2584 646 2631 eum
662 2562 853 2640 attrectes,”
869 2583 989 2630 moneo
1005 2583 1094 2642 eum,
1107 2562 1198 2644 quod
1210 2561 1358 2630 Vantine

356 2663 425 2730 iam
439 2662 598 2731 accedere
613 2661 765 2743 parabat.
789 2661 882 2730 “lam
897 2682 971 2730 sero
987 2662 1071 2730 est.”

440 2762 529 2831 Eum
544 2762 660 2844 itaque
674 2763 811 2842 retraxi,
825 2782 864 2830 ac
880 2761 1050 2844 paulisper
1060 2761 1161 2830 ambo
1172 2769 1359 2831 trementes

355 2861 540 2942 stabamus,
556 2869 595 2930 ut
610 2862 684 2930 fere
700 2883 842 2944 semper,
850 2883 957 2943 quum
970 2861 1082 2930 subito
1093 2861 1128 2929 in
1139 2868 1358 2944 conspectum

355 2961 474 3030 mortis
488 2961 702 3030 incurrimus.

440 3060 625 3145 “Quisnam
640 3061 693 3130 ille
709 3069 761 3129 est
770 3061 806 3129 ?'’
822 3061 961 3130 tandem
978 3061 1132 3144 quaerito.

437 3161 616 3239 “Nescio’'
640 3183 741 3230 rauce
757 3161 929 3244 respondit
954 3160 1111 3230 Vantine.
1148 3160 1358 3243 “Nunquam

356 3281 435 3329 eum
450 3270 552 3330 antea
567 3261 668 3330 vidi.''
695 3261 777 3330 lnde
793 3261 835 3329 ad
851 3261 1119 3330 tintinnabulum
1134 3260 1211 3330 ostii
1226 3281 1358 3343 regres-

355 3382 423 3442 sus,
438 3362 560 3430 acriter
576 3362 697 3443 pulsat.
709 3361 809 3442 Tum,
826 3360 984 3442 “Parks”
1000 3359 1218 3444 prosequitur
1228 3381 1358 3441 severe,

356 3469 395 3530 ut
410 3461 464 3530 hic
480 3483 540 3544 per
555 3463 648 3530 fores
662 3461 697 3530 in
712 3468 930 3543 conspectum
943 3468 1094 3542 venerat,
1107 3460 1292 3543 “quidnam
1303 3459 1357 3529 hic

355 3569 491 3644 gestum
507 3561 605 3630 cst?'’

440 3661 613 3741 “Gestum,
629 3661 673 3729 mi
691 3661 826 3729 Herel”
854 3661 998 3730 verbum
1024 3661 1148 3743 repetit
1164 3660 1272 3729 Parks
1286 3668 1358 3730 stu·

355 3763 514 3845 peractus
539 3784 606 3829 non
634 3761 733 3829 modo
759 3761 864 3830 verbo
879 3760 987 3829 sedet
1004 3782 1086 3829 voce
1102 3783 1171 3843 qua
1186 3760 1357 3843 prolatum
1417 3802 1422 3814 ·

355 3871 439 3931 erat.
463 3862 627 3930 “Prorsus
642 3861 722 3929 nihil
739 3861 807 3929 scio
822 3861 901 3943 quid
922 3862 979 3904 -'’

439 3962 529 4031 Tum
551 3963 751 4031 convulsum
776 3962 922 4030 cadaver
947 3962 977 4030 ei
1002 3962 1067 4030 sub
1091 3961 1206 4030 oculos
1227 3960 1357 4043 cecidit,

356 4084 424 4145 quo
439 4062 595 4145 protinus
609 4062 793 4142 obmutuit,
809 4062 896 4131 oculi
912 4070 1094 4144 patescere,
1109 4084 1147 4130 os
1162 4070 1289 4144 patere.
