3128 5016
279 787 321 854 24
543 802 751 854 ursrsruuu
773 801 880 855 anem
902 796 1020 854 aoura

279 969 372 1038 facta
388 970 448 1037 sibi
465 969 590 1038 conlisa
605 990 782 1052 nunquam
791 969 979 1052 evulgavit.
993 991 1055 1038 nec
1067 969 1158 1051 quod
1170 991 1283 1038 emen·

279 1069 382 1137 titum
397 1069 560 1151 cognovit
575 1091 730 1151 unquam
745 1070 818 1138 loco
833 1069 905 1137 veri
920 1068 1122 1138 venditavit.
1140 1069 1283 1152 Insuper

279 1169 418 1250 quidam
434 1191 553 1238 sensus
568 1169 690 1251 leporis
705 1169 853 1238 sodalem
870 1191 949 1238 eum
976 1168 1122 1238 reddidit
1145 1169 1284 1252 optatis-

280 1269 414 1350 simum,
430 1277 534 1351 atque
550 1269 623 1337 haec
639 1270 712 1338 eius
726 1269 856 1338 indoles
871 1269 905 1337 in
920 1290 1023 1338 causa
1048 1290 1121 1338 esse
1147 1268 1284 1339 videba-

279 1375 338 1437 tur
353 1390 458 1451 quare
475 1370 581 1437 telum
597 1369 774 1438 Mortuarii
800 1368 1008 1450 Goldberger
1023 1376 1094 1437 tam
1111 1368 1199 1437 bono
1214 1368 1284 1437 ani·

280 1490 336 1537 mo
351 1469 531 1537 subridens
546 1469 742 1551 excepisset.

365 1567 521 1637 “Victum
539 1591 602 1637 nos
617 1569 739 1637 mereri
753 1576 908 1651 oportere
925 1577 964 1636 tu
980 1568 1062 1636 satis
1076 1569 1196 1649 nosti,”
1212 1568 1284 1652 ipse

280 1669 462 1751 respondit.
486 1667 607 1737 “Hunc
624 1669 824 1751 probissime
840 1690 942 1751 quam
970 1690 1152 1750 possumus
1177 1689 1285 1738 mere

280 1791 367 1838 mur.
383 1769 553 1852 Quidnam
570 1770 643 1848 tibi,
664 1768 865 1849 Simmonds
880 1768 1055 1837 videtur?”

365 1867 459 1951 “Ego
475 1869 644 1951 quidem,’'
669 1870 716 1938 ait
741 1868 941 1949 Simmonds‚
973 1869 1030 1950 qui
1061 1869 1087 1937 si
1118 1869 1285 1937 facultate

280 1969 488 2051 imaginandi
502 1970 557 2037 vel
573 1969 720 2038 maxime
736 1969 891 2051 pollebat,
917 1990 1095 2050 nunquam
1126 1967 1284 2051 prodidit,

280 2067 490 2151 “puncturas
504 2068 577 2137 illas
592 2069 729 2150 pusillas
744 2070 778 2137 in
796 2091 901 2137 manu
922 2090 1003 2137 casu
1019 2075 1156 2136 tantum
1173 2069 1286 2138 factas

280 2190 353 2238 esse
368 2190 498 2237 censeo.
511 2168 605 2237 Effici
621 2178 738 2237 autem
750 2169 985 2237 diversissimis
996 2168 1104 2237 modis
1115 2175 1284 2251 poterant·

280 2268 437 2338 Fortasse
452 2269 577 2337 cadens
592 2290 732 2337 manum
750 2269 797 2337 rei
824 2268 923 2336 alicui
949 2268 1057 2348 illisit;
1080 2269 1227 2337 fortasse
1248 2267 1284 2338 in

279 2369 383 2437 fibula
399 2368 547 2450 quadam
574 2391 649 2437 eam
675 2368 899 2450 scariphavit;
926 2368 1074 2450 denique
1099 2369 1191 2437 forte
1207 2389 1286 2451 pus·

280 2470 369 2538 tulas
384 2469 428 2537 ibi
444 2469 579 2538 cultello
594 2469 759 2552 aperuit.”

365 2567 475 2651 “Quid
492 2576 566 2637 tum
583 2590 662 2637 eum
679 2577 790 2637 morte
805 2568 961 2637 affecit?“
984 2569 1108 2650 quaerit
1122 2567 1285 2650 Godfrey.

366 2668 566 2738 “Venenum
582 2704 621 2712 -
638 2677 672 2736 et
689 2669 751 2737 hoc
767 2669 802 2736 in
818 2668 994 2737 stomacho
1010 2669 1084 2737 eius
1098 2675 1161 2737 est.
1184 2667 1235 2736 Ibi
1249 2667 1284 2737 id

281 2768 522 2850 reperiemus.”

363 2868 473 2950 “Quid
489 2867 531 2935 de
546 2868 685 2936 odore?”
710 2868 859 2949 Godfrey
875 2869 990 2936 instat.

364 2968 644 3050 “Aliquantulum
660 2969 743 3048 eius,
759 2968 906 3049 phialam
921 2968 963 3036 ad
981 2967 1069 3036 labia
1088 2967 1284 3048 attollendo,

280 3068 315 3136 in
331 3077 444 3136 vestes
460 3090 539 3136 suas
553 3090 635 3136 casu
652 3068 819 3150 dispersit.
849 3068 990 3137 Poterat
1012 3076 1201 3149 puncturas
1226 3088 1285 3137 eas

280 3167 347 3236 iam
365 3177 467 3236 antea
482 3168 516 3236 in
532 3190 636 3236 manu
653 3168 821 3248 habuisse,
847 3190 932 3250 quas
954 3168 1032 3236 dein
1048 3189 1221 3238 venenum
1237 3168 1285 3237 in·

281 3267 479 3336 flammavit.
504 3269 574 3336 Aut
590 3291 673 3337 vero
688 3290 706 3336 e
723 3269 812 3338 malo
828 3268 1003 3350 sanguinis
1019 3266 1217 3337 laboravit.”

365 3369 573 3450 Goldberger
603 3376 692 3436 nutu
723 3368 795 3437 haec
825 3368 992 3451 probavit,
1023 3390 1102 3450 quae
1132 3368 1285 3452 Godirey

281 3468 377 3537 iuxta
393 3477 487 3537 stans
504 3469 568 3537 leni
585 3469 654 3537 risu
671 3469 813 3551 excepit.

365 3570 509 3637 “Nonnc
536 3572 721 3651 aenigmata
746 3569 845 3637 facile
872 3569 1092 3637 solvuntur?'’
1125 3569 1285 3652 quaesivit

280 3669 429 3738 tandem.

365 3769 518 3851 “Oppido
528 3769 665 3837 facilius
675 3778 725 3838 est
736 3791 873 3837 causam
883 3770 1066 3852 simplicem
1080 3778 1285 3853 naturaeque

280 3891 467 3951 congruam
484 3872 631 3952 reperire
647 3891 750 3952 quam
767 3878 1027 3952 repugnantem,
1044 3870 1212 3953 longeque
1229 3892 1285 3952 pe-

281 3970 378 4040 titam
409 3970 508 4037 -uti
526 3970 551 4038 si
569 3977 746 4051 quaeratur
772 3971 831 4052 qui
857 3992 949 4039 unus
974 3970 1131 4050 alterum,
1158 3992 1284 4039 manus

279 4071 354 4139 eius
369 4069 601 4152 scariphando,
628 4070 777 4138 occidere
804 4070 939 4151 possit‚’'
967 4070 1093 4152 regerit
1120 4069 1281 4139 Goldber·
