3128 5016
543 807 667 860 emur
688 808 835 862 oermu
857 809 1021 863 courum
1240 795 1282 865 49

281 974 368 1044 travi
383 974 587 1045 cubiculum.
619 977 749 1046 Verum
763 999 828 1059 ego
844 977 990 1047 necdum
1006 978 1088 1047 satis
1102 978 1146 1047 ad
1161 999 1215 1046 me
1233 999 1283 1046 re·

281 1075 336 1158 dii,
349 1097 413 1145 nec
427 1077 505 1159 plus
530 1098 634 1159 quam
660 1077 833 1147 considere
858 1078 1014 1148 valebam
1030 1100 1177 1161 eumque
1192 1078 1283 1146 intu-

280 1177 338 1258 eri,
353 1177 438 1246 dum
453 1177 525 1259 ipsc
539 1177 684 1260 genibus
699 1178 858 1248 insistens
878 1179 1025 1248 cadaver
1050 1179 1206 1262 inspexit,
1233 1199 1283 1246 sc·

281 1300 347 1361 que
372 1277 415 1347 de
438 1285 549 1346 morte
574 1277 720 1348 hominis
745 1279 924 1348 certiorem
947 1281 1061 1349 facere
1084 1279 1281 1348 conabatur.

280 1377 409 1448 Deinde
419 1378 536 1448 audivi
549 1379 700 1461 Godfrey
711 1379 741 1448 ei
756 1387 880 1449 cuncta
896 1402 975 1462 quae
990 1380 1117 1450 sciebat
1132 1400 1280 1460 narrare,

281 1477 361 1548 dum
375 1479 520 1563 Hughes
535 1479 791 1549 dubitabundus
805 1481 1029 1550 auscultabat.

361 1595 430 1667 “At
445 1618 528 1666 vero
543 1596 607 1666 hoc
622 1596 809 1667 absurdum
825 1605 887 1678 est,
902 1604 942 1667 ut
957 1597 1038 1667 satis
1053 1597 1148 1679 scis,’'
1186 1595 1281 1665 obte-

281 1703 391 1767 statur
401 1696 563 1780 medicus,
578 1704 760 1781 postquam
775 1697 926 1781 Godfrey
941 1698 1116 1768 conticuit.
1151 1696 1240 1766 “Res
1255 1695 1280 1764 i·

280 1797 453 1867 stiusmodi
468 1798 532 1881 hic,
548 1799 623 1867 Neo
638 1798 789 1880 Eboraci,
804 1821 873 1867 non
888 1799 985 1868 fiunt.
1008 1798 1197 1879 Florentiae,
1213 1797 1283 1866 Me-

282 1897 333 1968 dio
348 1901 450 1980 AEvo‚
463 1899 610 1969 fortasse
619 1921 627 1980 ;
650 1899 791 1968 sednon
807 1899 870 1982 hic,
887 1902 1011 1970 saeculo
1026 1899 1185 1968 vicesimo
1193 1897 1222 1966 !’'

360 2017 449 2089 “Vix
463 2018 518 2086 vel
534 2039 599 2100 ego
613 2017 698 2086 meis
713 2018 868 2088 sensibus
883 2018 985 2087 fidem
1000 2017 1139 2098 habeo‚”
1166 2036 1278 2084 assen-

282 2120 363 2190 titur
384 2118 546 2201 Godirey.
569 2117 720 2188 “Verum
742 2119 796 2188 hic
818 2119 888 2188 vidi
909 2118 1008 2187 hodie
1024 2115 1277 2200 postmeridiem

282 2220 446 2290 Francum
460 2219 637 2299 iacentem,
652 2239 743 2286 nunc
758 2239 840 2286 vero
855 2219 909 2287 hic
924 2226 976 2288 est
991 2217 1170 2288 Vantine.”

360 2336 509 2407 “Eodem
525 2334 633 2405 loc0?'’

361 2437 460 2520 “Ipso
475 2458 556 2505 sane
572 2436 700 2518 eodem,
716 2443 788 2505 tam
804 2443 963 2506 accurata
977 2457 1080 2518 quarn
1089 2435 1279 2504 discernere

376 2538 395 2566 Π

282 2559 374 2621 queo.

359 2637 497 2708 “Caesus
512 2637 630 2705 eodem
645 2637 746 2706 modo
755 2638 791 2707 ?”

361 2737 527 2807 “Prorsus
543 2736 662 2806 eodem
678 2738 779 2807 modo
792 2738 931 2807 caesus.’'

359 2839 530 2908 Reversus
545 2837 689 2920 Hughes
704 2839 748 2907 ad
763 2861 897 2921 corpus,
905 2859 1045 2906 manum
1055 2835 1204 2905 sauciam
1215 2835 1276 2903 ite·

283 2961 354 3009 mm
368 2960 495 3021 magna
509 2960 593 3007 cura
608 2941 856 3022 contemplatus
871 2946 932 3008 est.

359 3055 479 3139 “Quod
493 3078 603 3138 genus
614 3057 824 3138 ferramenti,
835 3064 870 3126 te
881 3055 1001 3137 iudice,
1010 3054 1100 3122 Here
1112 3053 1274 3136 Godfrey‚

281 3157 413 3227 videtur
427 3157 490 3226 hoc
507 3157 634 3226 vulnus
648 3157 807 3227 inflixisse
817 3158 853 3226 ?”
869 3156 973 3238 coepit
996 3154 1145 3224 medicus
1182 3176 1274 3236 quae·

281 3258 401 3327 stiones
415 3257 605 3326 instituere.

357 3374 638 3443 “Ferramentum
668 3383 809 3445 acutum
837 3397 917 3445 curn
946 3375 1076 3444 duobos
1105 3374 1273 3443 dentibus.

280 3475 351 3545 bleo
366 3474 506 3558 quidem
520 3474 642 3544 iudicio
657 3475 817 3545 denticuli
839 3476 1037 3546 tubulorum
1053 3476 1160 3544 instar
1173 3474 1273 3543 vacui

280 3583 365 3658 sunt,
380 3576 478 3644 velut
492 3596 575 3644 acus
588 3575 808 3658 subcutanea,
835 3583 939 3659 atoue
963 3577 997 3645 in
1021 3577 1130 3646 fundo
1153 3576 1272 3644 vulne·

280 3697 351 3745 rum
366 3683 514 3758 guttam,
528 3677 584 3744 vel
600 3676 693 3759 duas,
710 3677 921 3760 reliquemnt
935 3677 1067 3747 veneni.
1105 3677 1153 3746 Ut
1168 3676 1272 3758 vides,

279 3797 362 3845 vena
376 3783 429 3845 est
444 3775 577 3845 scissa.'’

356 3891 518 3974 “Video'’
534 3893 582 3961 ait
597 3892 750 3976 Hughes.
772 3892 917 3964 “Manus
937 3894 991 3963 hic
1007 3895 1069 3964 loci
1085 3895 1144 3965 vix
1159 3902 1272 3978 posset

278 3992 406 4074 periodi
422 3993 505 4075 quin
521 3993 635 4076 aliqua
649 4015 738 4063 vena
752 3993 968 4066 incideretur.
1001 3996 1079 4066 Una
1093 3997 1148 4065 vel
1164 3996 1271 4066 altera

279 4091 523 4165 denticulorum
536 4092 571 4163 id
586 4101 679 4164 certe
693 4095 854 4165 faceret.'’
