3128 5016
621 796 812 851 sncnrruu
833 797 940 850 nncm
1216 779 1280 850 273

278 974 371 1036 recto
386 967 492 1034 latere
507 986 596 1033 arcae
606 972 669 1046 est,
685 965 822 1033 omnino
837 986 880 1034 ex
895 964 1039 1033 adverso
1051 965 1158 1046 alteri,
1174 963 1281 1046 aperi·

278 1075 336 1136 tur
352 1071 469 1135 autem
486 1086 625 1147 prorsus
639 1064 759 1165 eodem
774 1065 875 1133 modo
890 1087 929 1134 ac
944 1065 1078 1133 techna.
1100 1065 1281 1134 Verumta-

277 1188 356 1236 men
371 1165 498 1247 aliquid
515 1165 631 1247 magni
658 1165 811 1233 interest.
834 1165 931 1234 Circa
955 1165 1103 1247 priorem
1128 1166 1281 1235 forulum

278 1267 360 1336 nihil
375 1272 428 1334 est
444 1265 536 1347 quod
551 1264 698 1347 cuipiam
724 1272 864 1346 noceat;
897 1266 984 1333 alter
1007 1273 1124 1334 autem
1149 1286 1282 1334 veneno

278 1365 478 1447 custoditur,
493 1365 640 1434 maxime
655 1365 808 1434 omnium
838 1387 916 1447 quae
937 1386 1091 1447 unquam
1117 1365 1282 1434 terricolae

279 1466 447 1547 viderant,
487 1466 673 1534 mortifero.
715 1465 903 1535 Attendite.
951 1465 1074 1534 Animo
1103 1464 1281 1546 attendite,

281 1567 422 1637 obsecro
431 1565 461 1634 !”

363 1665 487 1735 Animo
501 1665 586 1734 adeo
610 1666 778 1734 concitato
801 1687 895 1735 eram
920 1673 961 1735 ut
986 1688 1084 1749 paene
1110 1664 1282 1735 febricita-

281 1789 363 1848 rem,
377 1773 413 1836 et
428 1765 470 1834 de
486 1766 568 1834 sella
582 1787 727 1848 surgens
742 1765 881 1848 propius
896 1766 939 1835 ad
954 1787 1035 1835 eum
1060 1765 1194 1834 accessi.
1217 1764 1282 1835 Us-

281 1888 349 1951 que
364 1865 471 1935 verba
486 1887 602 1934 serens
617 1865 652 1934 in
667 1887 781 1935 arcam
806 1865 992 1947 inclinavit,
1007 1866 1185 1948 tribusque
1200 1865 1283 1948 digi-

281 1966 324 2035 tis
339 1965 383 2034 ab
398 1987 457 2034 ora
473 1965 593 2034 dextra
608 1964 788 2047 dispositis,
804 1965 963 2047 choragia
987 1965 1165 2047 impressit.
1202 1964 1284 2035 stri-

281 2065 343 2135 dor
367 2071 491 2134 acutus
515 2065 719 2148 percrepuit,
746 2086 825 2148 pars
848 2065 972 2135 musivi
996 2066 1150 2134 ansulam
1171 2065 1283 2148 prote

282 2187 360 2235 rens
374 2165 503 2246 recidit,
528 2187 569 2234 eo
596 2187 735 2247 prorsus
761 2165 861 2234 modo
887 2187 955 2248 quo
981 2165 1016 2234 in
1032 2164 1176 2235 adversa
1194 2186 1283 2235 arcae

281 2272 378 2348 parte
392 2286 634 2348 compereram.

366 2364 479 2433 Herus
495 2365 596 2447 Pigot
612 2365 783 2448 paulisper
797 2386 924 2446 anceps
939 2365 1092 2434 haerebat
1103 2399 1145 2412 -
1157 2365 1192 2435 in
1207 2386 1286 2435 con·

282 2471 401 2546 spectu
417 2464 516 2546 tanti,
533 2471 672 2547 tamque
685 2465 854 2534 mortiferi
884 2464 1085 2535 discriminis
1098 2486 1199 2534 nemo
1214 2486 1283 2534 non

282 2585 405 2646 anceps
430 2563 602 2633 haesisset!
628 2600 669 2609 -
694 2564 772 2633 dein
798 2569 881 2635 ansa
906 2565 1011 2635 foruli
1032 2586 1136 2635 manu
1151 2573 1284 2636 armata

284 2663 460 2746 prehensa,
476 2665 629 2734 forulum
645 2665 800 2734 celeriter
814 2665 938 2735 evellit.

366 2764 523 2846 Crepitus
537 2764 684 2833 stridens
698 2765 849 2847 chalybis
861 2787 964 2849 super
984 2765 1161 2849 chalybem
1181 2787 1283 2836 exau·

283 2863 450 2945 diebatur,
466 2872 570 2947 atque
584 2865 720 2934 forulus
735 2865 856 2948 patuit.

698 3274 869 3652 φ,
