3150 5468
342 1240 407 1312 170
596 1258 802 1316 ursrnnnm
818 1256 927 1314 anem
943 1253 1063 1315 souin

341 1446 408 1507 que
423 1424 497 1494 eius
511 1424 742 1499 dissimulatus
756 1427 873 1499 fuerit.
906 1427 992 1499 Dein
1017 1428 1149 1512 operari
1164 1429 1253 1500 circa
1266 1429 1344 1500 cho-

342 1524 475 1608 ragium
490 1525 602 1609 coepit,
617 1550 700 1599 ansa
714 1529 749 1598 in
765 1528 877 1599 locum
892 1528 1020 1611 recidit,
1045 1529 1267 1613 forulumque
1281 1531 1342 1600 ite

341 1647 419 1694 rum
434 1625 558 1695 evulsit
573 1627 664 1710 quod
679 1628 776 1698 evelli
792 1635 936 1712 poterat,
947 1628 1132 1713 seduloque
1143 1630 1347 1713 exploravit.

426 1725 628 1797 “Homullus
641 1728 700 1811 qui
716 1728 808 1799 hunc
822 1728 962 1811 effinxit,
977 1729 1101 1799 summi
1116 1729 1169 1799 fui
1184 1729 1342 1814 ingenii?

341 1827 438 1898 fatur
452 1826 605 1910 miratus,
620 1835 656 1897 et
670 1829 823 1899 forulum
838 1828 963 1898 iterum
984 1828 1019 1898 in
1042 1829 1147 1899 situm
1173 1831 1341 1913 repressit.

340 1927 465 1998 “Miror
479 1927 663 1998 admodum
678 1928 760 2012 quid
775 1928 829 1999 hic
844 1928 922 1998 inde
937 1950 958 1998 a
973 1927 1182 2012 temporibus
1196 1929 1289 2000 herle
1298 1930 1342 2001 de

341 2028 540 2111 Montespan
556 2028 599 2098 ad
614 2028 702 2099 hanc
717 2050 826 2112 usque
842 2036 979 2098 aetatem
994 2028 1172 2100 celaverit!
1194 2029 1342 2101 Litteras

339 2129 520 2199 amatorias
534 2129 744 2212 plerumque,
759 2135 800 2198 ut
815 2150 891 2199 mea
905 2129 975 2198 fert
989 2128 1110 2212 opinio,
1121 2129 1341 2212 quoniameae

340 2237 421 2300 sunt
437 2229 623 2313 praesertim
639 2250 693 2298 res
707 2250 786 2312 quae
800 2228 946 2298 maxime
961 2228 1060 2299 celari
1076 2228 1232 2300 debeant
1248 2230 1342 2300 Non·

340 2351 383 2399 ne
398 2351 480 2399 aves
494 2329 637 2410 utinam
651 2328 697 2397 mi
714 2328 842 2411 Lester‚
857 2328 992 2399 forulus
1008 2328 1063 2399 hic
1078 2350 1141 2399 sua
1155 2338 1285 2400 secreta
1299 2330 1341 2400 ti·

339 2429 374 2500 bi
389 2429 530 2513 prodere
545 2435 658 2512 posset
666 2428 703 2498 ?”

424 2529 506 2600 “Est
521 2550 630 2599 unum
645 2528 737 2611 quod
752 2528 844 2599 hunc
864 2527 1017 2599 forulum
1042 2528 1185 2612 prodere
1207 2528 1340 2613 vellem,

340 2631 367 2700 si
383 2630 482 2700 modo
497 2629 640 2713 posset?
651 2628 817 2712 respondi.
829 2627 978 2700 “Vellem
1001 2628 1055 2698 hic
1080 2629 1250 2700 fateretur
1264 2629 1341 2712 quis

339 2731 533 2814 Philippum
547 2729 694 2800 Vantine
709 2728 892 2799 occidisset
914 2728 987 2798 Nisi
1006 2729 1107 2799 fallor
1121 2730 1189 2799 iam
1205 2751 1339 2800 mecum

338 2852 501 2915 agnosces
514 2829 673 2900 bellulam
688 2828 852 2900 theoriam
867 2836 1018 2899 nostram
1032 2828 1096 2898 hac
1111 2829 1185 2899 vice
1199 2829 1341 2913 pulchre

340 2953 413 3002 esse
428 2931 574 3002 elisam.’'

422 3031 566 3101 “Nonne
580 3030 648 3100 iam
662 3029 712 3100 ita
732 3037 829 3113 paret
837 3029 874 3100 ?”

421 3131 587 3202 “Forulos
601 3129 694 3200 nullo
708 3136 801 3200 certo
816 3130 1078 3201 mechanismate
1088 3130 1210 3201 nititur
1225 3130 1338 3200 —hoc

339 3232 438 3316 plane
453 3231 616 3314 constat,”
631 3229 809 3301 censebam
824 3252 899 3314 ego.

421 3332 543 3403 “Certe
572 3331 666 3402 nullo
695 3353 797 3414 nunc,
826 3331 920 3401 nullo
945 3329 1131 3414 unquam,”
1154 3330 1339 3401 assentitur

338 3432 500 3516 Godfrey.

420 3533 555 3617 “Atque
569 3532 633 3602 hoc
647 3552 710 3601 nos
724 3530 880 3614 nuspiam
906 3530 1077 3615 relinquit,
1091 3537 1128 3601 et
1142 3551 1236 3601 nunc
1256 3551 1337 3601 nus·

338 3656 442 3719 quam
457 3654 593 3716 sumus;
608 3653 720 3701 nonne
736 3632 824 3703 idem
847 3632 973 3717 putas?
1001 3634 1074 3704 Hoc
1097 3656 1180 3719 ergo
1204 3634 1337 3704 factum

338 3743 446 3807 totam
461 3751 533 3804 rem
548 3739 645 3802 tanto
660 3731 769 3816 magis
783 3732 817 3802 in
832 3734 1034 3817 ambagibus
1047 3734 1193 3818 reliquit
1209 3733 1337 3817 Capere

337 3859 406 3907 non
421 3833 590 3919 possum,”
599 3839 634 3902 et
649 3832 701 3903 his
715 3833 829 3904 verbis
842 3833 945 3904 etiam
954 3834 1063 3917 magis
1071 3834 1236 3904 confusus
1245 3833 1339 3902 fron·

338 3945 408 4007 tem
437 3935 564 4004 fricans
593 3933 710 4003 resedi.
746 3931 873 4005 Saltem
896 3954 958 4018 pro
980 3941 1153 4004 momento
1177 3930 1339 4016 temporis

337 4044 452 4106 mente
467 4034 549 4104 mihi
565 4055 702 4117 prorsus
715 4034 876 4105 coecutire
890 4032 1039 4104 videbar.
1062 4032 1212 4104 “Tamen
1227 4053 1337 4103 unum

338 4145 470 4207 certum
495 4135 578 4217 est,”
602 4133 772 4217 subiunxi,
798 4133 945 4216 “necem,
971 4155 1118 4217 quaeque
1140 4131 1214 4203 eius
1234 4153 1337 4202 eausa

337 4245 398 4307 aut
413 4237 535 4306 modus
548 4234 664 4316 fuerit,
680 4235 807 4304 factam
822 4234 856 4304 in
872 4233 1032 4315 conclavi,
1053 4255 1121 4303 non
1144 4240 1262 4305 autem
1282 4230 1337 4302 hic

337 4337 475 4407 fuisse„

421 4435 531 4520 “Quid
546 4443 581 4506 te
596 4435 639 4505 ad
654 4435 702 4504 ita
717 4432 924 4504 credendum
939 4433 1108 4517 permovit
1116 4432 1153 4502 2⁹⁹

420 4536 513 4607 “Nos
527 4536 760 4607 existimamus
775 4535 904 4605 Drouet
919 4533 962 4604 ad
976 4533 1179 4604 facultatem
1200 4554 1222 4604 a
1246 4533 1337 4607 Van·
