3128 5016
275 766 338 835 306
551 783 756 837 ursrunnm
773 778 1013 839 nncnaoum

277 949 504 1019 cohibendum
519 973 598 1020 eum
615 973 683 1020 non
698 952 916 1021 tentavimus.
943 951 1136 1022 Plurimum
1159 952 1284 1022 vestris

279 1050 500 1132 portitoribus
515 1051 631 1120 conlisi
647 1073 776 1134 sumus,
795 1051 1075 1135 speravimusque
1100 1074 1159 1122 eos
1184 1074 1284 1122 accu-

280 1149 446 1219 ratissime
461 1152 697 1233 exploraturos
712 1152 863 1220 omnium
888 1153 1046 1235 sarcinas,
1062 1152 1121 1235 qui
1144 1151 1226 1236 ipsis
1249 1152 1284 1221 in

280 1271 424 1332 persona
438 1251 565 1333 cogniti
580 1273 649 1320 non
665 1253 809 1321 essent.”

366 1349 573 1420 “Portitores
588 1352 725 1434 nostri,”
735 1353 769 1421 in
779 1353 953 1422 stomacho
964 1352 1078 1422 ridens
1088 1353 1185 1422 fatur
1197 1351 1284 1423 God-

282 1451 370 1533 frey,
381 1449 519 1520 “officiis
533 1452 603 1520 suis
618 1452 738 1535 utique
753 1475 821 1522 non
836 1453 1033 1522 defuerunt.
1057 1452 1107 1521 Illi
1123 1460 1217 1522 certe
1236 1459 1287 1522 to·

282 1559 354 1622 tam
371 1554 625 1638 Rempublicam
641 1553 862 1624 everterunt!
885 1553 929 1622 Et
944 1553 1144 1622 adamantes
1158 1559 1288 1634 tamen,

282 1652 323 1721 iis
342 1653 467 1735 invitis,
479 1656 697 1738 irrepserunt;
710 1653 983 1737 quandoquidem
999 1674 1078 1722 arca
1093 1653 1198 1722 acive
1215 1660 1286 1722 tam

283 1753 468 1824 universim
480 1764 571 1838 noto,
584 1763 723 1838 tamque
737 1776 840 1837 supra
854 1775 990 1823 omnem
1005 1753 1237 1836 suspitionem,
1247 1759 1288 1822 ut

284 1862 359 1922 erat
374 1854 477 1925 herus
492 1857 650 1938 Vantine,
668 1855 818 1924 immissa
831 1861 883 1924 est
899 1874 1037 1937 prorsus
1057 1852 1129 1922 sine
1151 1852 1288 1936 quasti·

285 1975 349 2022 one
362 1953 391 2022 !'’

373 2053 491 2138 “Sane
503 2057 688 2139 profect0‚”
708 2054 872 2125 concessit
895 2054 998 2124 herus
1013 2053 1113 2136 Pigot
1135 2052 1184 2123 rei
1202 2051 1291 2122 veri·

287 2159 395 2223 tatem
411 2177 479 2224 non
495 2156 567 2225 sine
582 2155 840 2225 amaritudine.”
862 2154 1021 2237 Coeptum
1031 2153 1100 2222 fuit
1111 2151 1290 2223 audacissi-

286 2275 390 2336 mum,
402 2262 506 2338 atque
521 2278 621 2338 nunc,
633 2257 725 2325 nullo
741 2254 853 2336 dubio,
863 2253 1033 2323 Crochard
1052 2252 1178 2335 poterit
1197 2273 1292 2336 gem·

287 2375 360 2423 mas
373 2376 433 2437 per
448 2356 556 2425 otium
571 2355 814 2425 divenditare.'’

372 2454 472 2524 “Non
488 2457 623 2538 poterit,
640 2456 666 2524 si
682 2455 782 2524 modo
798 2453 975 2536 contingat
989 2452 1073 2522 mihi
1096 2459 1292 2522 accuratam

241 2626 245 2631 ,
289 2575 407 2623 earum
441 2556 701 2639 descriptionem
733 2554 963 2637 comparare,''
982 2553 1133 2623 obvertit
1166 2551 1292 2634 Grady.

290 2652 448 2723 “Faciam
464 2657 590 2725 etenim
606 2664 645 2725 ut
669 2656 811 2739 quisque
833 2654 925 2724 hicce
952 2661 1122 2723 terrarum
1143 2672 1297 2735 gemma·

288 2753 358 2822 rius
372 2755 528 2825 notitiam
541 2757 588 2825 rei
597 2756 717 2838 capiat;
734 2763 873 2824 cunctos
888 2775 982 2823 meos
993 2752 1155 2822 satellites
1169 2751 1213 2821 ad
1230 2751 1294 2821 hoc

290 2855 468 2936 negotium
485 2855 665 2938 delegabo;
678 2857 760 2924 faxo
775 2863 815 2924 ut
830 2854 1018 2923 Praefectus
1029 2851 1151 2922 Wilkie
1166 2852 1297 2935 aliquos

293 2976 431 3024 suorum
450 2956 531 3025 mihi
547 2957 765 3026 commodet.
783 3009 790 3023 .
807 2955 837 3023 .''

376 3055 487 3134 “Quin
514 3056 605 3125 haud
628 3056 798 3139 oportebit
820 3063 918 3124 tanta
939 3053 1081 3135 moliri‚”
1103 3052 1298 3136 interpellat

292 3156 443 3237 Godfrey
459 3157 594 3226 incurie.
610 3155 800 3226 “Crochard
816 3176 972 3238 gemmas
993 3151 1206 3223 venumdare
1228 3173 1297 3222 non

292 3256 472 3325 tentabit.’'

376 3356 430 3424 “N
432 3379 474 3425 on
487 3357 697 3426 venumdare
709 3355 855 3425 tentabit
861 3355 897 3426 ?”
924 3361 1065 3437 stupens
1079 3351 1204 3436 quaerit
1215 3353 1297 3424 Gra·

295 3453 351 3538 dy.
365 3455 433 3525 “Ut
450 3457 530 3539 quid
546 3458 655 3527 non?'’

378 3555 486 3639 “Quia
501 3579 558 3625 eas
571 3579 638 3625 non
662 3556 795 3636 habet‚”
808 3555 916 3624 refert
939 3553 1090 3636 Godfrey
1112 3550 1302 3635 subridens,

294 3655 385 3724 haud
410 3657 550 3726 obscure
566 3657 702 3725 laetatus
728 3663 947 3738 conspectum
974 3652 1091 3737 Grady
1115 3653 1301 3723 confusum

293 3777 445 3825 cernens.

383 3856 495 3927 “Cave
511 3857 579 3926 iam
597 3856 702 3925 verba
719 3856 800 3925 dare
814 3855 843 3924 !'’
866 3855 1019 3937 increpat
1041 3874 1122 3924 eum
1144 3850 1305 3923 Delectus

292 3967 521 4040 exasperatus.
538 3957 676 4028 “Sinon
695 3957 766 4039 ipse
783 3976 841 4026 eas
856 3955 969 4036 habet,
984 3953 1070 4038 quis,
1087 3952 1228 4035 malum,
1244 3951 1304 4023 ha·

295 4059 374 4131 beat
385 4059 422 4128 ?''
