3128 5016
279 788 342 858 296
539 803 749 858 MYSTERIUM
769 801 878 857 oncis
899 793 1019 856 noune

278 971 370 1040 hunc
393 972 616 1042 salutatorem
643 971 771 1041 arctius
799 976 973 1053 aspectare
1002 968 1188 1051 videreque
1217 989 1285 1051 quo

278 1071 425 1154 denique
441 1071 626 1142 devenerit.
643 1072 732 1141 Loco
756 1078 871 1141 tamen
896 1070 1011 1152 huius,
1039 1067 1213 1139 Crochard
1226 1068 1284 1138 do·

280 1179 440 1241 cumenta
448 1172 741 1254 Pigotinsaccum
751 1170 948 1251 recondidit,
956 1168 1098 1252 bulgarn
1106 1168 1285 1239 eiusextra

280 1271 419 1341 ianuam
435 1273 612 1342 collocavit
627 1273 748 1353 diaetae,
759 1279 835 1341 tum
842 1270 1049 1353 compositus
1059 1268 1195 1353 prodiit,
1203 1268 1285 1339 ami·

282 1393 340 1440 cos
354 1393 434 1441 suos
449 1373 612 1442 relatores
633 1372 810 1452 convenit;
832 1392 897 1454 ego
919 1378 1049 1451 autem,
1063 1390 1128 1439 ceu
1153 1368 1286 1452 puellus

280 1473 440 1542 scholaris
462 1495 541 1543 cum
567 1495 608 1542 eo
629 1474 824 1555 colloquens
848 1471 914 1540 illic
929 1470 1010 1541 steti
1025 1490 1145 1539 -nec
1159 1469 1284 1539 mirum

280 1572 307 1642 si
323 1595 378 1642 me
395 1573 539 1643 bardum
554 1595 593 1642 ac
608 1573 795 1642 bucconem
807 1593 880 1642 esse
894 1570 1022 1640 iudicat
1032 1569 1061 1639 !''

364 1688 514 1758 “Verum
529 1711 591 1758 nec
606 1690 692 1758 alius
706 1689 888 1772 quisquam
905 1687 939 1757 id
955 1687 1148 1770 suspicatus
1157 1694 1247 1757 esset
1256 1685 1285 1756 !''

280 1789 420 1858 halitavi
435 1812 510 1871 ego.
527 1788 609 1858 “Est
624 1790 768 1872 AEdepol
783 1789 837 1858 ille
860 1842 868 1858 .
892 1842 900 1857 .
923 1788 952 1857 .''

364 1905 529 1989 “Ingenio
543 1907 700 1989 insigni,”
714 1908 828 1990 explet
853 1905 1015 1989 Godfrey.
1045 1904 1209 1989 “Ingenio
1231 1926 1286 1975 su·

280 2029 408 2090 prem0,
423 2007 478 2076 cui
492 2029 593 2076 nemo
608 2007 652 2076 sit
667 2006 926 2090 comparandus.
959 2007 1034 2089 Ego
1047 2028 1131 2076 vero
1145 2005 1220 2075 haec
1234 2012 1285 2075 to-

284 2114 321 2176 to
336 2129 376 2176 eo
392 2115 545 2190 tempore
560 2107 651 2189 novi,
667 2107 809 2190 proinde
822 2128 945 2176 cavere
960 2128 1016 2176 me
1030 2106 1183 2176 decebat.
1204 2106 1285 2175 Pro

283 2207 324 2276 be
340 2207 522 2276 meministi
536 2229 616 2276 eum
632 2207 715 2276 mihi
730 2229 791 2290 per
804 2207 935 2277 litteras
948 2206 1124 2277 nuntiasse
1139 2205 1285 2276 hodiese

283 2313 471 2376 venturum
480 2307 517 2375 ?'’

367 2406 559 2476 “Memini’'

366 2505 459 2575 “Nec
475 2514 514 2575 tu
530 2506 734 2577 credidisti.”

366 2622 440 2692 “Ne
455 2646 547 2693 nunc
562 2624 700 2706 quidem
715 2623 853 2694 credere
868 2624 989 2706 queo.’'

366 2722 504 2793 “Unum
520 2724 616 2793 nobis
632 2724 751 2794 solatio
772 2724 837 2792 erit
861 2759 901 2769 -
925 2723 960 2793 id
989 2722 1105 2807 Grady
1130 2730 1286 2795 nostrum

282 2822 533 2893 labefactabit.'’

366 2939 526 3023 “Verum,
542 2941 726 3024 Godfrey,”
741 2942 952 3024 interloquor
965 2963 1042 3025 ego,
1057 2940 1106 3011 “si
1117 2941 1288 3013 modoeos

283 3040 482 3110 adamantes
506 3041 623 3110 videre
649 3042 818 3124 potuisses
839 3077 881 3086 —
906 3041 1108 3111 adamantes
1131 3064 1191 3112 eos
1214 3042 1288 3125 pul·

281 3140 466 3210 cherrimos
480 3176 521 3184 —
537 3163 609 3223 pro,
624 3141 741 3211 nefas!
774 3141 866 3225 quod
891 3141 989 3211 nobis
1014 3140 1286 3225 inspectantibus

284 3262 342 3309 eos
358 3240 489 3322 eripere
503 3241 613 3310 valuit
624 3241 653 3309 !'’

367 3355 504 3425 “Scelus
519 3379 631 3427 nonne
647 3358 848 3428 nefastum?
870 3358 934 3427 Ast
955 3358 1049 3428 facta
1061 3358 1193 3429 infecta
1213 3358 1287 3429 fieri

282 3464 469 3539 nequeunt,
486 3457 636 3538 Lester;''
662 3458 741 3527 dein
756 3466 892 3528 mutata
905 3480 990 3528 voce
1005 3457 1194 3543 subiunxit,
1209 3458 1289 3529 “ve-

284 3558 333 3637 lis,
349 3578 442 3638 rogo,
466 3579 551 3638 cras,
577 3558 726 3640 meridie,
751 3559 806 3627 vel
831 3558 946 3641 potius
960 3558 1070 3641 hodie,
1091 3558 1127 3628 in
1151 3566 1215 3629 tua
1236 3558 1286 3629 in·

289 3666 415 3726 teresse
440 3656 604 3726 officina.”

368 3755 514 3839 “Placet,
530 3757 708 3840 interero,”
725 3758 899 3842 spopondi.

364 3856 477 3925 “Cave
492 3857 574 3925 mihi
589 3858 749 3927 defueris.
765 3859 879 3941 Usque
895 3880 985 3931 unus
995 3858 1171 3929 comoediae
1185 3866 1285 3933 aetus

284 3958 326 4027 ad
344 3958 517 4041 agendum
533 3959 719 4039 superest.”

363 4073 568 4155 “interero’'
584 4072 653 4143 dixi
668 4074 826 4145 iterum.”
841 4076 970 4147 Vereor
984 4083 1100 4147 tamen
1122 4097 1167 4147 ne
1190 4084 1288 4149 actus
