3150 5468
283 1166 346 1236 250
532 1182 736 1236 ursrumuu
752 1181 859 1236 nncn
875 1175 992 1236 souin

284 1351 322 1418 ri.
339 1349 464 1419 “Hem!
486 1372 586 1420 cerne
601 1351 692 1419 illam
718 1350 910 1420 naviculam
921 1350 950 1418 !''
983 1348 1094 1432 pergit
1118 1346 1182 1430 ille,
1208 1367 1288 1416 con·

285 1459 399 1532 specta
424 1451 572 1533 quadam
598 1452 717 1532 edoce,
744 1451 778 1519 in
802 1452 877 1520 sinu
902 1450 1059 1519 deorsum
1088 1448 1287 1528 festinante,

284 1573 413 1633 nosque
430 1551 638 1634 pedetentim
654 1558 866 1634 assequente,
890 1573 929 1620 ac
953 1550 1076 1619 sensim
1092 1554 1287 1632 superante.

285 1651 387 1720 “Haec
402 1660 493 1721 certe
509 1653 605 1720 novit
621 1674 699 1734 quae
714 1651 897 1721 celeritudo
913 1651 965 1720 sit.
978 1650 1047 1720 Ista
1061 1651 1154 1719 celox
1170 1656 1288 1717 nostra

284 1752 376 1820 haud
400 1752 501 1820 limax
525 1759 587 1833 est,
611 1759 652 1820 ut
674 1751 783 1832 nosti;
806 1759 841 1820 at
865 1751 1005 1821 videsis
1028 1771 1130 1833 quam
1153 1748 1210 1818 illa
1224 1768 1289 1816 nos

288 1859 480 1933 pratereat.
504 1852 608 1921 Miror
633 1852 756 1935 oppido
782 1872 940 1934 quaenam
966 1851 1022 1920 illa
1046 1850 1099 1920 sit.
1123 1851 1209 1930 Quae
1230 1848 1288 1917 illa

286 1959 338 2020 est
367 1953 534 2034 navicula,
564 1952 735 2022 navarche
748 1953 781 2014 ?’'
818 1952 977 2021 inclamat
1013 1951 1217 2034 praetectum
1251 1947 1288 2017 in

286 2061 400 2132 ponte.

370 2167 468 2236 “Non
484 2168 563 2236 novi
581 2189 668 2249 eam,
686 2169 731 2236 mi
747 2169 868 2250 Here,”
884 2169 1058 2251 respondit
1083 2167 1287 2249 navarchus,

287 2269 466 2351 telescopio
481 2269 636 2351 seposito.
653 2268 774 2337 “Celox
789 2270 922 2351 privata
948 2305 989 2313 —
1013 2290 1138 2338 nomen
1161 2290 1230 2338 non
1252 2268 1289 2337 li·

287 2377 369 2450 quet
385 2406 425 2414 -
441 2392 552 2452 genus
567 2368 727 2451 aplustris
742 2369 850 2450 operit
866 2370 1019 2452 puppim.
1035 2369 1205 2439 Vexillum
1217 2369 1289 2438 fert

287 2469 497 2538 Francicum.
521 2471 551 2538 A
567 2477 666 2550 tergo
680 2468 777 2536 nobis
792 2475 924 2538 caeterae
939 2469 1107 2539 naviculae
1120 2468 1215 2552 preli¹
1231 2490 1289 2538 ve·

287 2570 449 2650 huntur‚”
466 2571 514 2638 ait
528 2568 730 2637 navarchus.
754 2566 888 2650 “Atque
910 2569 973 2638 illic
995 2576 1064 2638 stat
1078 2572 1132 2638 Lo
1147 2571 1282 2649 savoie,

287 2670 358 2737 sivo
374 2669 416 2736 ad
432 2668 663 2738 moratoriam²
678 2669 897 2736 lentescens.”

370 2786 399 2853 E
424 2787 608 2868 longinquo
634 2784 716 2853 satis
741 2784 830 2853 clare
856 2784 998 2854 discerni
1019 2791 1153 2869 poterat
1167 2784 1290 2869 ingens

286 2893 403 2954 cortex
418 2886 610 2955 classiariae³
624 2885 659 2952 in
674 2883 848 2953 horizonte
875 2885 1124 2968 tenebricantis,
1139 2906 1219 2957 cum
1235 2908 1290 2956 or·

287 2988 422 3057 dinibus
437 2987 606 3057 luminum
623 2989 855 3058 emicantium.

371 3086 492 3156 “Haud
509 3088 591 3156 satis
615 3090 762 3158 solemus
788 3088 977 3170 intelligere
1002 3108 1105 3170 quam
1131 3087 1290 3170 ingentes

287 3189 341 3257 hae
367 3209 473 3256 naves
499 3189 575 3270 sint,
602 3189 708 3258 donec
735 3211 792 3258 eas
815 3211 833 3257 e
861 3187 1038 3271 superficie
1060 3209 1159 3271 aquae
1173 3210 1291 3258 cerna·

288 3289 396 3369 mus,”
413 3296 495 3357 noto
510 3310 584 3370 ego.
607 3288 821 3358 “Cemedum
838 3311 940 3371 quam
957 3288 1116 3357 immanis
1137 3288 1193 3357 illa
1213 3288 1289 3357 sit.'’

373 3404 437 3472 “Et
452 3413 567 3473 tamen
584 3405 649 3473 ista
664 3428 732 3474 non
748 3413 799 3474 est
825 3428 843 3474 e
867 3405 1025 3474 maximis
1048 3404 1217 3488 quidem‚”
1239 3427 1292 3474 re·

288 3507 358 3574 iert
388 3505 550 3587 Godirey.
588 3504 721 3575 “Unam
749 3528 768 3574 e
793 3505 951 3575 maximis
977 3505 1089 3575 subire
1115 3540 1157 3550 -
1182 3505 1291 3575 veluti

391 3725 412 3774 1.
431 3721 561 3783 Prolem,
578 3722 611 3785 -i,
629 3739 710 3775 sensu
736 3723 842 3788 proprio
854 3739 886 3774 ac
898 3723 985 3788 primo
999 3728 1041 3775 est
1053 3723 1174 3775 torcular
1186 3723 1221 3775 ad
1233 3738 1291 3789 pre·

288 3806 424 3865 nendum,
436 3821 490 3868 quo
504 3807 680 3871 exprimimus
693 3823 803 3858 succum
815 3807 977 3871 plantarum,
991 3806 1033 3858 uti
1044 3822 1114 3867 uvae,
1127 3807 1217 3866 olivae,
1229 3821 1292 3859 can·

289 3907 400 3949 namm;
419 3890 509 3941 latiori
522 3906 603 3941 sensu
630 3891 734 3955 prelum
759 3890 999 3955 typographorum,
1021 3889 1141 3953 deniuqe
1161 3889 1293 3955 producta

289 3973 486 4038 typographia,
499 3973 649 4037 praesertim
662 3974 767 4025 diuma.
784 3974 916 4025 idiomata
926 3973 1054 4025 moderna
1064 3973 1199 4039 pleraque,
1207 3988 1291 4039 quum

289 4057 396 4122 proprio
410 4057 542 4108 vocabulo
556 4063 674 4115 careant,
688 4057 866 4122 Participium
880 4056 1016 4109 Praeteriti
1030 4056 1106 4109 verbi
1119 4056 1211 4109 Latini
1222 4071 1291 4123 pre·

289 4156 336 4191 mo
350 4141 492 4206 (pressere,
509 4156 549 4201 -a‚
567 4141 640 4203 -uml
654 4147 793 4205 usurpant.

391 4226 414 4274 2.
432 4222 608 4285 Moratorio,
632 4239 678 4274 uu:
693 4224 805 4275 subaudi
819 4223 918 4284 statio,
944 4223 990 4275 ubi
1012 4223 1110 4276 medici
1122 4222 1236 4276 officiosi
1248 4239 1295 4276 ve·

290 4313 378 4360 ctores
390 4307 418 4358 in
432 4307 618 4358 valetudinem
631 4322 722 4358 eorum
736 4307 908 4369 inquirentes
921 4306 1015 4358 navim
1026 4303 1230 4360 demorantur.

388 4393 413 4442 3.
435 4391 495 4442 Non
511 4398 618 4442 tantum
632 4391 747 4449 bellicae,
760 4391 808 4442 sed
822 4391 905 4444 etiam
923 4391 1091 4444 mercatoriae
1108 4406 1194 4445 naves
1205 4391 1294 4446 culus

289 4492 341 4544 que
353 4475 483 4528 consortii
497 4473 603 4527 claaar'a
617 4475 796 4540 appellantur.
1192 4476 1196 4481 ’
