3150 5468
542 1296 720 1353 mennon
741 1296 875 1352 maner
896 1295 1021 1351 moon
1220 1278 1282 1350 157

365 1465 504 1537 “Praebe
525 1466 571 1536 sis
591 1465 699 1535 Parks
719 1464 801 1534 mihi
822 1487 958 1549 quoque
979 1464 1176 1546 olfactum‚”
1199 1486 1282 1547 rogo

283 1589 362 1637 cum
378 1567 465 1637 male
479 1566 608 1648 firmus,
622 1573 657 1635 et
672 1565 759 1635 oculi
773 1565 840 1635 mei
854 1565 1033 1636 confestim
1041 1564 1198 1647 lacrymis
1212 1586 1283 1634 ma-

283 1688 366 1737 nare
386 1673 574 1750 creperum,
596 1665 654 1736 sed
676 1687 719 1735 ne
740 1665 775 1734 in
797 1666 950 1735 furorem
971 1687 1117 1748 raperer,
1141 1664 1279 1734 evitavi.

282 1765 489 1850 “Exporrige
505 1766 551 1836 sis
564 1773 773 1850 prostratum
789 1765 928 1848 Rogers,
943 1773 983 1836 ut
998 1766 1169 1835 distentus
1193 1764 1277 1834 iace·

284 1867 366 1948 ret,'’
381 1866 539 1937 mandavi
555 1866 663 1936 Parks
677 1865 833 1947 halitans,
848 1873 883 1935 et
898 1865 968 1948 ipse
994 1865 1224 1949 vertiginosus
1248 1865 1282 1933 in

283 1967 391 2037 solum
406 1967 528 2037 desedi.
552 1966 710 2049 Aspicere
725 1973 840 2036 tamen
856 1966 1077 2036 Homblower
1091 1986 1197 2034 ausus
1212 1986 1281 2034 non

284 2089 371 2149 sum,
386 2067 545 2137 timebam
560 2066 650 2136 enim
666 2088 709 2136 ne
719 2074 915 2149 stupentem
928 2088 1008 2136 eum
1018 2066 1147 2147 videns,
1159 2064 1284 2134 iterum

286 2167 320 2236 in
336 2167 537 2237 cachinnum
551 2166 743 2236 morbidum
758 2167 916 2235 solverer.

368 2267 524 2337 Matrona
539 2266 676 2336 interim
690 2287 815 2349 aquam
831 2266 866 2334 in
882 2268 1018 2336 vultum
1040 2267 1134 2337 Iuliae
1158 2265 1287 2348 insper-

206 2376 210 2383 '
286 2369 330 2438 sit
346 2403 385 2413 -
400 2389 469 2437 non
483 2388 603 2450 parum
618 2365 821 2435 detrimento
836 2366 935 2435 faciei
949 2366 1022 2436 eius
1032 2365 1040 2434 !
1049 2403 1090 2411 -
1099 2365 1286 2449 pauxillum

285 2466 511 2552 exspectabat,
525 2474 601 2536 tum
616 2488 652 2536 se
666 2466 784 2548 erexit,
798 2467 982 2549 velumque
996 2466 1139 2536 demisit.

373 2567 474 2638 “bion
495 2567 538 2637 ad
559 2589 596 2637 se
618 2565 771 2648 redibit,”
792 2566 915 2649 inquit,
936 2587 976 2635 ac
998 2567 1161 2650 profecto,
1177 2586 1289 2649 pauca
1416 2591 1421 2600 ·

287 2669 378 2739 intra
392 2675 563 2738 momenta
578 2668 690 2750 puella
703 2668 818 2737 oculos
832 2667 976 2750 aperuit,
1001 2674 1036 2736 et
1061 2674 1203 2750 stupens
1227 2665 1290 2735 cir·

290 2768 488 2853 cumspexit.
510 2767 595 2836 Dein
612 2775 738 2836 tremor
753 2767 923 2837 violentus
938 2789 1013 2837 eam
1027 2767 1167 2836 obsedit

374 2867 564 2952 “Quidnam
580 2867 628 2936 rei
643 2875 705 2948 est,
720 2867 806 2937 Iulia
819 2869 855 2938 ?”
871 2868 954 2937 hera
968 2867 1166 2949 sciscitatur,
1182 2888 1287 2935 manu

294 2969 368 3039 eius
382 2967 557 3052 prehensa.
579 2966 697 3037 “l'une
712 2989 792 3036 eum
807 2968 920 3038 virum
935 2967 1085 3037 novisti?

375 3069 511 3138 Raucus
525 3068 696 3151 singultus
709 3069 818 3136 solum
833 3075 907 3137 erat
923 3089 1129 3150 responsum.

375 3167 481 3238 “Rem
493 3167 575 3238 mihi
589 3167 742 3237 narrabis
754 3167 783 3236 !”
798 3168 909 3251 pergit
924 3168 1007 3237 hera
1020 3190 1103 3237 voce
1129 3167 1293 3250 tranquil·

294 3271 335 3350 la.
344 3268 402 3339 sed
414 3268 521 3338 firma
537 3267 660 3338 “Forte
675 3268 784 3338 scelus
797 3268 967 3350 quoddam
982 3276 1034 3337 est
1048 3274 1292 3351 perpetratum.

301 3370 433 3439 Cuncta
453 3369 594 3439 fatearis
614 3376 756 3451 oportet.
779 3368 974 3438 Prudentiae
995 3368 1117 3437 horum
1138 3368 1293 3437 virorum

295 3491 413 3539 secura
428 3477 463 3538 te
477 3468 634 3538 confides.
646 3468 824 3538 Novistine
840 3468 944 3538 istum
959 3468 1073 3537 virum
1087 3469 1122 3538 ?”

377 3570 494 3639 Puella
508 3569 627 3653 eapitis
640 3577 729 3638 nutu
741 3568 1081 3652 probavitbculosqu
1095 3567 1225 3650 clausit,
1237 3567 1296 3637 sed

296 3678 408 3753 gutta
422 3670 614 3754 tepidarum
630 3670 856 3752 lacrymarum
871 3691 932 3752 per
952 3690 1059 3752 genas
1079 3668 1153 3738 eius
1174 3668 1294 3738 decur-

299 3771 428 3841 rebant.

382 3869 581 3940 “Parisiisne
593 3870 630 3938 ?”

382 3970 499 4040 Puella
514 3969 637 4039 itemm
653 3970 785 4040 annuit.

384 4069 545 4140 “'i'uusne
560 4069 630 4139 fuit
645 4072 796 4140 amasius
804 4070 840 4139 ?”

381 4170 538 4240 Tertium
553 4169 694 4250 annuit;
716 4170 858 4239 tertium
874 4171 1031 4253 lacrymae
1046 4177 1197 4239 manant.

383 4271 505 4341 “Nunc
521 4271 588 4341 iam
603 4271 775 4354 memini‚”
790 4271 903 4354 inquit
918 4279 1074 4342 matrona
1089 4271 1210 4341 subito.
1226 4269 1305 4340 “Se-

301 4373 366 4442 mel
380 4394 460 4442 eum
475 4393 554 4441 curn
570 4371 635 4440 ista
650 4370 731 4440 vidi.
754 4371 852 4455 Quod
868 4371 996 4454 negotii
1011 4371 1074 4454 ipsi
1100 4372 1163 4441 hac
1188 4371 1224 4440 in
1244 4370 1304 4440 do·

303 4493 358 4542 mo
372 4473 441 4542 fuit
450 4472 486 4541 ?''
501 4471 613 4555 pergit
629 4471 684 4541 illa
698 4472 860 4554 asperius.
884 4471 1072 4554 “Eloquere
1082 4471 1111 4540 !''

385 4572 499 4643 “Hera
513 4571 597 4643 mihi
622 4593 799 4656 nunquam
824 4571 1029 4643 condonabit
1038 4571 1067 4641 !”
1093 4570 1305 4655 singultabat
