3150 5468
484 1297 959 1353 noomancssrennnuun
1160 1281 1221 1352 191

226 1489 433 1550 quemquam
450 1466 556 1549 infligi
573 1474 702 1549 posset;
724 1467 841 1548 itaque
867 1466 979 1534 exitus
1002 1465 1229 1548 inquisitionis

227 1569 296 1636 fuit
313 1568 482 1636 sententia
505 1568 696 1636 iuratorum
722 1566 916 1648 Philippum
943 1566 1101 1646 Vantine‚
1123 1574 1228 1648 atque

228 1669 413 1749 Georgium
442 1668 570 1736 Drouet
596 1676 750 1736 mortuos
775 1689 907 1735 veneno
932 1688 1016 1747 esse,
1042 1666 1086 1735 ab
1115 1666 1230 1749 aliquo

229 1769 356 1849 ignoto,
373 1769 426 1837 vel
443 1768 611 1850 aliquibus
625 1768 760 1849 ignotis,
776 1767 865 1835 dato.

315 1868 396 1936 Mihi
424 1870 517 1936 foras
543 1869 638 1936 eunti
665 1867 816 1948 Godtrey
841 1889 876 1935 se
899 1866 1065 1948 adiunxit,
1090 1889 1230 1950 unaque

231 1968 361 2049 gradus
376 1968 620 2036 descendimus.

314 2084 463 2154 “Audire
478 2083 670 2154 Simmonds
684 2084 852 2153 dicentem
874 2085 1045 2153 decuriam
1072 2084 1229 2154 lictorum

231 2207 400 2267 nusquam
416 2206 508 2263 esse,
533 2192 671 2265 gratum
698 2183 780 2251 mihi
807 2184 907 2264 tuit‚”
939 2185 1043 2253 fatur.
1082 2185 1231 2267 “Utique

232 2286 345 2367 Grady
361 2291 504 2353 conatur
520 2306 562 2352 ex
579 2283 641 2352 hoc
663 2291 735 2352 toto
758 2306 885 2364 exesse,
908 2285 1112 2367 culpamque
1134 2285 1231 2354 alteri

230 2387 389 2468 cuiquam
412 2385 493 2453 dare
510 2420 549 2427 —
565 2385 646 2452 laxo
673 2392 787 2452 tamen
812 2406 854 2452 ne
882 2385 952 2465 ipse
978 2384 1112 2453 evadat.
1136 2384 1232 2454 Dabo

231 2508 367 2569 operam
383 2493 422 2554 ut
439 2485 500 2567 ipsi
532 2484 722 2553 Simmonds
751 2505 912 2552 mensura
936 2506 978 2552 ex
1000 2506 1099 2566 aequo
1115 2484 1175 2553 liat
1190 2519 1232 2531 -

233 2595 333 2654 vetus
347 2593 387 2654 ut
403 2585 467 2653 scis
481 2585 551 2666 ipse
567 2583 648 2652 mihi
664 2584 793 2652 amicus
813 2585 897 2651 est.”

317 2702 421 2781 “Scio
438 2701 590 2782 utique‚”
617 2700 783 2783 respondi,
801 2699 856 2768 “at
873 2722 965 2781 vero,
982 2722 1104 2781 nonne,
1120 2709 1155 2769 et
1170 2723 1232 2770 nos

233 2803 294 2884 ipsi
313 2824 481 2884 nusquam
498 2802 647 2870 sumus.”

318 2902 464 2971 “Saltem
481 2925 541 2984 pro
565 2902 775 2983 praesentia,’'
800 2901 872 2970 risit
899 2900 1060 2982 Godfrey,
1088 2900 1233 2970 “fluctus

236 3026 297 3071 nos
314 3003 450 3070 habent.
474 3003 596 3071 Nonne
613 3010 737 3081 tamen,
753 3003 796 3070 mi
816 3002 946 3081 Lester,
973 3023 1034 3070 nos
1060 3002 1093 3069 in
1120 3001 1227 3083 sempi

236 3111 372 3171 ternum
389 3103 451 3170 illic
468 3104 606 3170 futuros
621 3124 688 3170 non
704 3103 921 3183 exspectas?”

319 3202 390 3269 “Ex
407 3224 475 3283 quo
491 3225 606 3271 meum
623 3202 665 3270 de
676 3224 753 3270 arca
767 3202 870 3270 Boule
883 3202 1067 3283 displosum
1079 3209 1130 3268 est
1143 3200 1235 3269 theo

236 3325 338 3380 rema,
355 3302 463 3369 omnis
479 3324 555 3383 spes
572 3325 624 3369 me
640 3302 798 3370 deseruit.
822 3302 994 3370 Caeterum
1021 3322 1134 3369 arcam
1159 3322 1234 3369 cras

236 3402 371 3470 domino
387 3423 449 3469 suo
466 3401 673 3469 restituam.”

321 3518 485 3585 “llomino
502 3540 563 3585 suo
576 3519 608 3577 ?”
626 3518 747 3598 repetit
763 3518 868 3586 verba
889 3517 994 3585 oculis
1009 3517 1238 3586 contractiori·

239 3619 311 3686 bus
331 3619 493 3697 “Revera
511 3625 550 3685 ut
565 3616 606 3685 de
623 3639 663 3685 eo
677 3617 798 3698 cogito,
815 3618 1010 3699 suspicabar
1021 3640 1100 3685 eum
1118 3627 1238 3686 ventu·

238 3741 323 3797 rum,
340 3740 406 3785 non
423 3725 536 3785 tumen
552 3725 622 3784 tam
638 3717 705 3784 cito
719 3716 922 3785 adfuturum
933 3717 1061 3798 putavi.
1075 3717 1237 3799 Quisnam

238 3840 318 3886 casu
336 3819 406 3899 ipse
422 3826 483 3896 est,
501 3817 546 3884 mi
564 3816 682 3885 Lester
694 3817 724 3878 ?''

322 3935 464 4016 “Quin'’
480 3935 554 4001 iere
571 3934 752 4015 impatiens
767 3934 932 4015 respondi,
950 3932 1008 4001 “tu
1023 3933 1113 4001 haud
1126 3934 1239 4003 minus

238 4057 291 4102 me
308 4035 372 4103 scis
387 4056 501 4102 arcam
518 4034 559 4101 ad
578 4034 729 4101 Armand
745 4042 778 4102 et
797 4034 823 4101 F
824 4035 864 4101 ils
879 4034 1063 4116 spectare?

322 4151 432 4219 “Tum
450 4158 488 4218 tu
504 4172 621 4218 eorum
634 4151 725 4218 vices
735 4159 894 4230 agentem
904 4151 1091 4219 convenisti
1104 4152 1136 4210 ?”
1149 4173 1240 4232 quae·

240 4252 283 4319 rit
305 4252 481 4333 paululum
509 4272 550 4318 ex
575 4251 793 4319 incitamento
816 4252 968 4320 suffusus
994 4251 1127 4330 rubore,
1150 4252 1240 4333 quod

240 4351 375 4433 quidem
393 4351 581 4431 intelligere
597 4373 664 4418 non
681 4359 843 4433 poteram.

322 4469 418 4552 “lpse
435 4469 507 4537 lieri
524 4491 578 4536 me
596 4469 706 4537 visum
724 4470 826 4537 venit.
840 4469 971 4551 (lppido
988 4469 1089 4537 velim
1106 4478 1145 4538 ut
1160 4491 1240 4538 eum

238 4571 428 4651 convenias,
444 4569 606 4654 Godircy.
624 4569 656 4638 Is
672 4569 764 4639 Felix
780 4569 930 4640 Armand
947 4576 1008 4652 est,
1033 4568 1141 4638 ‘lilius’
1164 4590 1243 4639 con·
