3128 5016
631 842 820 900 saansaan
836 844 942 899 anca
1221 825 1284 897 267

283 1013 344 1082 tibi
358 1021 550 1096 competere
566 1021 606 1082 ut
620 1013 675 1082 hic
691 1013 825 1083 intersis
848 1049 889 1058 -
911 1013 1028 1096 itaque
1051 1011 1078 1081 si
1105 1010 1284 1095 praestigiis

283 1114 469 1195 delectaris,
485 1136 566 1196 cape
582 1113 628 1182 sis
643 1113 789 1182 sedem.''

366 1215 512 1296 Propere
528 1215 635 1295 igitur
649 1214 791 1297 quaesivi
813 1215 929 1283 sellam
955 1221 991 1283 et
1016 1212 1161 1294 consedi,
1183 1211 1284 1282 corde

282 1336 358 1383 meo
373 1315 469 1398 quasi
485 1314 668 1384 desidente.
699 1314 785 1383 Dein
809 1316 946 1383 vultum
973 1313 1129 1382 simulavi
1154 1312 1284 1395 fingere

283 1415 461 1495 incurium,
487 1415 577 1496 quod
593 1414 814 1483 manifestum
841 1422 914 1483 erat
940 1436 995 1482 me
1018 1413 1181 1482 interesse
1202 1413 1285 1482 hero

283 1515 382 1595 Pigot
398 1515 581 1596 displicere,
611 1515 822 1597 verebarque
838 1536 880 1583 ne
896 1515 970 1583 eius
984 1536 1108 1583 suaves
1133 1512 1283 1582 Francici

283 1637 393 1683 mores
408 1615 451 1683 ad
465 1623 645 1697 rupturam
661 1637 770 1697 usque
785 1615 1017 1684 tenderentur.
1055 1615 1102 1682 At
1117 1613 1241 1695 Grady,
1256 1612 1284 1681 si

283 1715 385 1783 etiam
402 1715 536 1783 noverit
550 1714 673 1796 hospiti
689 1737 751 1783 suo
766 1736 877 1783 meam
903 1714 1118 1797 praesentiam
1135 1713 1284 1796 displice·

281 1837 328 1895 re,
340 1815 371 1883 id
385 1815 552 1896 neglexit;
575 1815 666 1883 unde
681 1815 844 1896 suspicari
859 1815 944 1897 coepi
960 1836 1071 1883 mores
1086 1813 1208 1883 Granci
1228 1835 1285 1896 po·

282 1916 358 1983 litos
373 1923 476 1996 atque
491 1915 688 1983 civilitatem
704 1915 807 1983 talem
823 1937 896 1984 esse
918 1921 1059 1983 nactum
1080 1914 1221 1994 exitum,
1243 1920 1284 1982 ut

282 2015 401 2083 herum
419 2014 532 2096 Grady
547 2014 676 2082 invitus
685 2014 835 2083 adversis
846 2014 920 2096 pilis
929 2014 1098 2083 mulsisset
1110 2013 1284 2095 ingratum

281 2115 370 2183 enim
385 2115 473 2183 visui
492 2122 566 2183 erat
581 2136 684 2197 quam
710 2136 821 2183 mores
836 2114 938 2183 huius
959 2121 1112 2196 agrestes
1133 2113 1284 2181 moribus

281 2216 369 2284 illius
384 2215 664 2283 adversabantur.
693 2214 865 2297 Quidquid
887 2223 1002 2283 tamen
1029 2235 1141 2283 causae
1166 2213 1284 2294 fuerit,

283 2316 369 2383 risus
384 2316 467 2396 eius,
494 2337 562 2397 quo
584 2337 619 2383 se
645 2315 688 2384 ad
714 2317 883 2384 Francum
905 2321 1130 2395 converterat,
1156 2313 1284 2383 malitia

281 2414 372 2483 haud
388 2415 535 2483 carebat.

365 2514 499 2598 “Atque
525 2538 616 2584 nunc
643 2515 793 2597 demum,
820 2515 910 2584 llere
936 2515 1107 2597 Piggott,'’
1138 2515 1173 2583 in
1204 2514 1284 2583 sella

282 2615 463 2684 reclinatus
485 2615 670 2697 aliquanto,
694 2615 801 2696 fatur,
828 2614 915 2684 “iam
938 2636 999 2697 pro
1021 2621 1158 2684 ostentu
1173 2613 1283 2697 parati

282 2716 430 2783 sumus.”

364 2815 422 2883 “ld
439 2815 529 2897 quod
545 2815 656 2884 dicere
672 2814 790 2896 habeo,
806 2814 851 2882 mi
880 2816 1001 2897 Here,'’
1015 2815 1118 2897 coepit
1133 2815 1209 2896 fari,
1225 2836 1284 2883 vo

282 2937 319 2983 ce
335 2915 518 2997 chalybeiae
534 2915 678 2995 duritia,
693 2915 893 2997 glacialique
919 2915 1058 2996 frigore,
1086 2914 1210 2996 “probe
1232 2914 1281 2982 in-

281 3016 453 3084 tellectum
469 3017 546 3083 volo
561 3038 581 3084 a
596 3037 650 3084 me
666 3037 744 3083 cum
759 3013 883 3082 fiducia
898 3013 972 3083 dici.
989 3014 1026 3082 Id
1042 3014 1124 3083 nulli
1140 3013 1283 3096 proden-

284 3115 365 3184 dum
383 3115 489 3184 donec
505 3117 704 3184 malefactor
718 3121 839 3198 captus
854 3114 991 3183 fuerit.’'

364 3215 465 3283 Risus
480 3215 593 3297 Grady
609 3215 651 3282 ad
667 3214 730 3282 hoc
746 3214 959 3295 aliquantum
986 3214 1100 3295 riguit.
1125 3215 1282 3283 Fortasse

281 3314 434 3395 verbum,
451 3315 485 3382 in
502 3323 669 3396 quantum
696 3315 730 3383 id
756 3313 896 3382 modum
921 3314 1162 3396 imperativum
1188 3336 1283 3383 sona-

280 3414 349 3496 bat,
365 3414 410 3483 illi
425 3415 538 3482 minus
554 3415 689 3496 placuit.
707 3413 879 3497 Quidquid
895 3414 1011 3496 tuerit,
1027 3414 1194 3484 monitum
1206 3414 1282 3484 floc-

281 3515 309 3582 ci
326 3514 417 3583 fecit.

364 3614 636 3695 “Intellexistine,
654 3616 744 3684 llere
769 3614 932 3684 Lester?”
957 3614 1081 3697 quaerit
1104 3636 1158 3684 me
1180 3614 1282 3684 intui·

280 3721 354 3793 tus;
370 3736 434 3794 ego
448 3715 563 3783 annui.

363 3813 597 3882 Animadverti
614 3814 728 3882 oculos
742 3814 841 3893 Pipot
864 3814 1116 3895 excandescere,
1132 3815 1282 3884 vultum·

280 3935 346 3995 que
362 3913 412 3981 ira
428 3914 591 3993 suffundi,
603 3936 670 3982 vox
686 3913 776 3981 enim
793 3914 907 3995 Grady
922 3915 996 3982 fere
1011 3914 1175 3983 insultum
1187 3936 1283 3983 sona·

280 4013 348 4082 bat.
361 4014 427 4081 Pro
441 4022 613 4082 momento
629 4013 864 4081 existimabam
879 4014 1040 4082 futurum
1055 4020 1095 4082 ut
1111 4014 1181 4096 ipse
1196 4036 1282 4097 opus

279 4136 380 4184 suum
396 4113 552 4197 prosequi
569 4120 720 4196 recuset;
743 4135 815 4183 sese
832 4121 946 4184 tamen
962 4114 1140 4184 continuit.
