3128 5016
512 813 930 868 rnoruamucmirnns
1199 800 1221 868 9

219 1001 310 1049 scam
324 981 412 1049 hanc
433 981 667 1050 mulierculam
680 981 802 1050 illustri
818 981 938 1050 artifici
963 980 1220 1051 demandavisse

219 1087 260 1149 ut
274 1081 374 1163 plane
390 1080 579 1150 istiusmodi
595 1102 709 1151 arcam
725 1081 788 1151 sibi
803 1081 1015 1151 conficeret.''

303 1179 466 1262 “Revera,
482 1180 528 1248 mi
543 1181 722 1262 Vantine‚”
745 1181 857 1249 refero
879 1203 954 1263 ego,
977 1180 1040 1250 “ne
1057 1180 1221 1250 somniavi

219 1280 356 1362 quidem
379 1287 414 1349 te
440 1281 532 1363 poesi
546 1287 682 1350 tantum
696 1301 803 1362 posse.
816 1279 980 1362 Spiritum
996 1280 1078 1349 mihi
1090 1280 1222 1363 eripis.”

303 1379 356 1449 Ad
372 1379 444 1449 haec
460 1381 566 1449 verba
580 1381 794 1463 aliquantum
806 1380 952 1462 erubuit,
963 1381 1101 1463 vidique
1116 1402 1221 1463 quam

219 1501 238 1547 e
253 1479 354 1548 corde
370 1481 505 1549 locutus
520 1488 619 1549 esset.

303 1594 433 1665 “Furor
449 1596 599 1678 potiendi
615 1596 878 1678 conquisitorem
893 1596 1036 1665 subinde
1065 1596 1221 1679 abripit,''

219 1695 315 1764 fatur
338 1695 419 1777 ipse,
451 1694 561 1778 “Quid
587 1703 704 1765 tamen
730 1696 858 1778 loquar,
885 1696 969 1765 scire
984 1717 1039 1765 me
1065 1696 1221 1766 arbitror.

219 1793 371 1864 Primum
387 1795 524 1877 quidem
539 1818 642 1877 quam
658 1803 776 1877 potero
790 1817 904 1864 arcam
928 1796 1152 1865 minutissime
1166 1818 1222 1865 ex·

218 1895 365 1977 plorabo.
389 1895 546 1964 Fortasse
561 1896 687 1978 aliquid
704 1896 871 1978 reperiam
899 1933 937 1940 -
964 1917 1222 1979 monogramma

218 1994 340 2064 alicubi
356 1995 551 2065 delitescere
566 1996 677 2065 debet.
701 1995 738 2065 ld
754 1996 864 2065 abste
880 1996 997 2078 flagito
1013 2004 1053 2065 ut
1069 1996 1222 2066 Annand

217 2101 252 2163 et
279 2094 356 2176 Fils,
372 2095 436 2164 Via
449 2096 592 2178 Templi,
608 2096 666 2178 qui
681 2096 763 2165 mihi
779 2096 865 2165 hanc
885 2095 1121 2178 vendiderant,
1143 2097 1223 2166 tele-

217 2194 403 2277 graphema
419 2195 546 2268 mittas.
561 2196 798 2280 disquirasque
824 2197 900 2280 quis
926 2196 1028 2266 huius
1052 2218 1140 2266 arcae
1165 2197 1222 2266 do

217 2294 331 2363 minus
346 2295 399 2377 sit,
415 2317 559 2378 eamque
576 2317 638 2378 pro
653 2318 708 2365 me
723 2298 847 2365 emas.’'

301 2394 478 2464 “Fortasse
493 2394 651 2464 dominus
666 2397 815 2466 vendere
830 2398 952 2479 nolet,“
976 2397 1119 2466 obverto
1145 2419 1220 2480 ego.

301 2494 394 2563 “lmo
410 2495 546 2564 vendet.
563 2496 655 2564 Nihil
673 2503 725 2565 est
740 2497 822 2579 quin
839 2499 905 2565 emi
918 2497 1068 2578 possit-
1081 2498 1221 2579 pretio.”

301 2595 425 2664 “Aisne
442 2604 480 2663 tu
496 2595 583 2664 hanc
599 2618 711 2665 arcam
728 2605 763 2666 te
778 2605 974 2679 empturum
1001 2598 1123 2679 quovis
1148 2618 1221 2679 pre·

217 2695 310 2763 tio?”

301 2795 396 2875 “Aio
413 2797 597 2878 profecto.“

301 2894 427 2977 “Atqui
443 2904 534 2965 certe
549 2905 631 2966 sunt
646 2897 750 2979 aliqui
766 2897 919 2966 limites.”

301 2994 412 3078 “Quin
428 2996 511 3064 nulli
526 2998 638 3064 sunt.”

301 3095 460 3166 “Statues
481 3097 660 3166 dumtaxat
676 3097 735 3165 ubi
750 3097 979 3179 incipiendum
995 3100 1070 3180 sit‚”
1086 3120 1221 3182 respon·

216 3196 260 3264 di.
284 3195 354 3264 “De
369 3196 421 3265 his
435 3196 525 3265 enim
541 3197 643 3266 rebus
659 3197 739 3265 mihi
758 3219 896 3280 prorsus
910 3199 992 3268 nihil
1008 3207 1220 3282 compertum

215 3296 297 3365 est.’'

300 3395 435 3478 “Esto”
450 3397 561 3479 inquit
578 3397 736 3476 Vantine‚
761 3397 837 3466 “lac
849 3405 884 3465 te
895 3397 1112 3481 incepturum
1125 3399 1222 3468 denis

216 3495 365 3565 millibus
378 3497 600 3566 centussiuml
622 3497 871 3567 Francicorum.
895 3497 987 3567 Cave
1009 3499 1108 3568 nimis
1129 3498 1221 3568 avidi

215 3596 405 3666 videamur.
443 3597 495 3664 Ob
516 3597 579 3665 hoc
606 3597 728 3680 ipsum,
753 3598 844 3680 quod
861 3619 926 3679 ego
941 3599 1042 3667 nimis
1057 3621 1133 3667 sum
1150 3599 1222 3668 avi-

214 3697 289 3778 dus,
306 3719 378 3766 rem
394 3697 455 3766 tibi
470 3698 723 3779 exsequendam
738 3697 912 3767 concredo.
937 3698 1018 3768 Mihi
1040 3699 1131 3768 enim
1152 3698 1218 3782 ipsi

216 3818 284 3866 non
301 3797 465 3866 confido.”

318 4019 342 4067 1.
364 4016 505 4068 centussis
533 4016 712 4068 Americanus
727 4034 765 4062 =
777 4017 864 4075 sl.00;
892 4016 1040 4068 Francicus
1057 4017 1220 4069 :circiter

215 4116 269 4151 una
283 4099 380 4165 quinta
392 4099 481 4151 huius.
