3150 5468
607 1293 785 1346 varrone
808 1293 951 1345 varam
1216 1275 1277 1344 147

278 1483 465 1543 eammoue
480 1461 713 1545 disparitatem
735 1483 869 1530 morum
885 1461 982 1530 facile
997 1460 1176 1529 observare
1193 1465 1284 1541 pote·

279 1583 362 1629 ram.
385 1562 502 1631 Altera
517 1584 655 1645 prorsus
677 1563 780 1632 tacita
802 1561 942 1631 sedebat
967 1560 1125 1629 manibus
1149 1559 1184 1627 in
1208 1580 1283 1641 gre·

279 1662 356 1743 mio,
370 1662 548 1745 capiteque
564 1663 721 1746 pendulo,
745 1662 928 1733 admodum
951 1662 1154 1743 composita;
1176 1660 1283 1728 altera

279 1784 361 1831 vero
384 1762 536 1844 inquieta
561 1771 596 1832 et
620 1763 761 1844 mobilis,
786 1763 877 1832 haud
903 1785 965 1845 par
990 1784 1068 1845 ouae
1098 1761 1281 1842 digitorum

279 1883 458 1932 nervosam
473 1864 693 1945 agitationem
709 1865 890 1933 contineat.
907 1864 984 1931 Non
1000 1884 1121 1945 parum
1136 1859 1284 1928 mirabar

278 1983 385 2044 quare
400 1964 520 2032 ancilla
535 1964 644 2045 magis
658 1986 762 2045 quam
777 1985 840 2032 sua
863 1963 1000 2031 domina
1022 1962 1223 2043 agitaretur,
1245 1981 1283 2027 ac

279 2063 417 2132 tandem
443 2085 576 2131 morum
604 2064 836 2132 diversitatem
864 2063 1034 2144 neglectui
1061 2060 1284 2130 institutionis

278 2162 534 2232 attribuendam
549 2163 705 2232 iudicavi.
722 2163 952 2232 contrarietas
966 2170 1079 2231 tamen
1096 2161 1176 2229 mihi
1193 2159 1282 2227 haud

279 2263 467 2344 ignoranda
488 2270 572 2332 erat.

363 2397 426 2465 vir
450 2397 595 2479 denique
623 2397 760 2465 Decima
783 2397 888 2465 rheda
909 2398 1032 2465 iterum
1055 2396 1097 2463 ad
1128 2415 1283 2462 occasum

279 2496 343 2566 iter
358 2496 483 2576 flectit;
499 2498 577 2566 inde
593 2520 696 2580 prope
711 2498 828 2579 attigit
839 2498 1031 2579 Compitum
1048 2496 1283 2575 Washingtom

279 2598 435 2679 pervenit
452 2598 484 2665 in
500 2598 663 2677 Plateam,
688 2620 727 2667 ac
752 2598 897 2679 denique
922 2605 1002 2664 ante
1030 2597 1120 2664 redes
1136 2595 1284 2662 Vantine

278 2698 439 2765 constitit.
464 2697 576 2765 Herus
592 2698 814 2766 Homblower
830 2697 1028 2765 mulieribus
1053 2695 1284 2764 descendenti·

185 2838 192 2854 ·
280 2797 343 2865 bus
359 2798 498 2876 adstitit,
515 2821 579 2879 ego
596 2806 709 2866 autem
724 2821 784 2880 per
799 2799 927 2879 gradus
942 2798 1061 2864 ducem
1076 2820 1128 2864 me
1145 2796 1283 2877 prebui.

278 2897 342 2965 Sed
360 2898 416 2965 ubi
434 2898 475 2965 ad
494 2899 669 2979 fastigium
686 2899 858 2979 graduum
875 2898 1061 2978 attigimus,
1089 2906 1123 2964 et
1150 2897 1182 2963 in
1206 2919 1283 2963 eon·

279 3006 431 3079 spectum
459 3008 627 3067 sertorum
655 2999 854 3067 funebrium
881 3021 921 3065 ex
949 2999 1034 3065 ostio
1060 2997 1282 3078 pendentium

279 3120 553 3180 perveneramus,
569 3109 724 3168 matrona
741 3101 853 3168 velata
867 3099 930 3167 leni
947 3099 1189 3166 exclamatione
1206 3097 1282 3164 sub·

280 3199 384 3267 stitit:

363 3315 429 3384 “At
445 3339 509 3397 ego
525 3316 681 3396 nescivi,”
697 3317 817 3398 inquit.
839 3315 989 3383 “Tamen
1006 3316 1150 3382 fortasse
1166 3337 1282 3396 exspe-

279 3423 371 3483 ctare
388 3416 493 3483 satius
508 3424 606 3484 esset.
630 3417 752 3496 lgnara
768 3438 860 3483 eram
878 3470 884 3482 .
902 3469 909 3482 .
926 3417 955 3482 .”

363 3530 475 3599 “Nulli
492 3540 572 3599 sunt
588 3533 776 3613 propinqui,
793 3555 868 3600 mea
895 3532 995 3610 Hera,
1023 3554 1107 3612 quos
1134 3531 1283 3599 offenda·

280 3632 386 3711 mus,”
403 3630 577 3712 interpello
592 3655 664 3713 ego.
682 3632 800 3713 “Quod
816 3656 896 3700 vero
911 3632 953 3699 ad
971 3639 1143 3698 mortuum
1159 3631 1282 3699 attinet

280 3731 360 3813 quid
378 3731 422 3798 illi
440 3732 592 3799 refert‘l'’
614 3741 649 3800 et
666 3733 772 3799 tinnii.

363 3847 470 3917 Parlrs
485 3849 608 3917 ostium
625 3849 812 3930 adaperuit,
835 3872 903 3931 quo
919 3872 978 3931 per
994 3856 1115 3915 nutum
1131 3850 1282 3916 consalu-

279 3956 362 4027 tato,
378 3949 505 4031 praeivi,
522 3948 740 4030 advenasque
756 3950 788 4016 in
804 3951 962 4017 conclave
980 3949 1106 4016 induxi.
1131 3948 1278 4029 Godfrey

279 4071 333 4116 me
349 4048 393 4116 ibi
411 4049 680 4130 praestolabatur,
696 4050 793 4117 cuius
809 4051 960 4117 animum
977 4072 1018 4116 ex
1035 4049 1139 4115 oculis
1154 4051 1281 4131 conspi-

277 4171 391 4228 cuum,
408 4157 441 4217 et
458 4172 499 4216 ex
516 4149 670 4229 ingressu
688 4150 758 4217 hen'
787 4150 1008 4217 Homblower
1032 4149 1281 4231 mulierumque

278 4248 463 4318 excitatum
481 4250 646 4331 perspexi.

362 4365 445 4433 “Hic
471 4388 568 4434 meus
593 4367 688 4434 testis
714 4375 775 4446 est,
803 4367 905 4434 herus
929 4369 1110 4450 Godfrey,”
1131 4369 1280 4449 inquam,

278 4465 403 4634 {iffi
416 4466 524 4593 diune,
549 4467 592 4535 illi
618 4475 753 4535 autem:
788 4467 938 4535 “Herum
971 4469 1029 4536 tibi
1061 4471 1143 4537 sisto
1174 4468 1282 4536 Hom·
