3150 5468
335 1275 396 1343 142
595 1291 803 1344 ursmarum
824 1291 932 1345 naen
955 1292 1073 1345 soum

333 1458 495 1540 languide
511 1458 545 1526 in
561 1480 616 1527 me
632 1459 798 1528 renidens.
821 1458 920 1528 “Non
935 1459 1025 1528 enim
1041 1459 1115 1528 eius
1136 1460 1263 1528 tenoris
1285 1458 1339 1527 hae

334 1567 415 1628 sunt
430 1567 471 1627 ut
486 1580 563 1628 mea
577 1559 681 1628 cliens
695 1581 753 1628 eas
767 1559 890 1642 cuique
915 1559 1073 1629 confidat.
1096 1560 1186 1629 Nam
1211 1560 1275 1642 hae,
1297 1566 1337 1628 ut

333 1665 383 1739 tu,
400 1659 447 1727 mi
463 1658 553 1727 Here
569 1659 697 1740 Lester,
714 1659 780 1728 iam
797 1659 960 1741 suspicari
976 1667 1121 1742 poteras,
1147 1681 1267 1728 revera
1289 1659 1338 1727 in·

335 1758 527 1828 famatoriae
542 1765 632 1828 sunt.
656 1759 801 1828 Necesse
825 1767 877 1829 est
903 1767 943 1828 ut
968 1781 1025 1829 eas
1051 1780 1255 1842 quocunque
1281 1759 1337 1827 de·

334 1881 430 1928 mum
446 1859 555 1940 pretio
572 1860 842 1942 recuperemus.”

415 1958 485 2028 “Ut
500 1960 599 2042 plane
613 1968 768 2029 constare
783 1962 948 2043 oportet,”
975 1960 1090 2029 monui
1117 1982 1191 2042 ego,
1220 1959 1337 2029 “mini-

333 2081 428 2128 mum
443 2059 529 2128 duos
544 2081 677 2142 semper
691 2082 826 2130 necesse
842 2069 894 2129 est
910 2061 1035 2143 quibus
1049 2061 1173 2129 litterae
1186 2060 1337 2142 cognitae

333 2160 402 2229 sint
419 2196 452 2204 -
471 2166 646 2229 auctorem
661 2183 783 2243 nempe
798 2169 902 2243 atque
917 2161 972 2231 cui
988 2161 1099 2230 missae
1113 2161 1225 2230 sunt.”

418 2259 477 2330 “Id
493 2283 560 2329 non
576 2283 631 2330 me
647 2262 844 2343 praeterivit,
869 2269 988 2331 auctor
1013 2269 1129 2330 tamen
1144 2261 1267 2330 harum
1282 2261 1334 2329 iit-

331 2368 483 2431 terarum
498 2367 655 2430 mortuus
670 2362 752 2430 est’'

414 2460 681 2530 “Mortuusnei”
698 2461 851 2544 repetivi.

415 2561 475 2630 “In
491 2561 605 2630 duello
620 2561 736 2644 paucis
757 2568 837 2630 ante
858 2561 1031 2631 mensibus
1055 2583 1162 2630 caesus
1178 2561 1260 2642 est,’'
1281 2582 1337 2630 ex·

331 2661 432 2745 plicat
447 2662 544 2744 gravi
561 2662 661 2730 vultu
677 2661 782 2730 herus
796 2662 1028 2730 Homblower‚

416 2761 489 2830 “Ab
505 2762 586 2831 hero
602 2761 676 2830 X?'’
692 2762 809 2844 rogavi
832 2763 956 2831 statim.

415 2861 489 2931 “Ab
500 2861 582 2930 hero
597 2862 658 2944 X,”
674 2863 781 2931 refert
793 2861 897 2931 herus
911 2862 1144 2943 Homblower‚
1153 2861 1276 2944 pressis
1287 2862 1332 2930 la-

332 2961 395 3032 biis
405 2961 563 3043 residens,
573 2961 669 3044 quasi
679 2961 762 3031 nihil
772 2962 917 3045 amplius
925 2961 966 3031 de
975 2984 1016 3031 ea
1024 2984 1060 3031 re
1070 2969 1332 3031 memoraturus.

415 3062 487 3131 Nec
503 3062 657 3145 profecto
672 3069 746 3131 erat
760 3083 866 3144 quare
880 3063 957 3145 plus
972 3062 1108 3132 diceret
1139 3061 1228 3132 Satis
1243 3061 1332 3130 enirn

332 3161 374 3232 de
402 3162 545 3245 legibus,
566 3161 676 3244 deque
691 3161 842 3231 moribus
857 3183 896 3231 ac
911 3162 1101 3232 rationibus
1127 3162 1335 3231 Francorum

330 3262 502 3344 cogitandi
517 3262 666 3331 intellexi
676 3262 718 3331 ad
730 3262 1011 3345 perspiciendum,
1024 3261 1189 3345 siquando
1213 3262 1337 3331 litterae

330 3361 395 3431 illae
411 3361 445 3430 in
460 3383 582 3431 manus
595 3361 669 3431 heri
684 3362 715 3431 X
730 3362 935 3444 incidissent,
950 3363 1111 3432 futurum
1126 3383 1199 3431 esse
1214 3369 1254 3431 ut
1264 3360 1334 3444 ipse

331 3483 471 3544 prorsus
486 3484 600 3531 rerum
617 3462 794 3546 potiretur.
821 3462 916 3532 Uxor
929 3484 992 3532 sua
1007 3461 1146 3531 omnino
1158 3461 1193 3530 in
1209 3482 1272 3530 sua
1286 3482 1336 3530 es

330 3568 382 3631 set
398 3569 577 3644 patestate.
596 3561 711 3645 Atque
725 3561 886 3645 cogitatio
902 3562 984 3631 mihi
999 3561 1152 3632 animum
1166 3561 1336 3644 extemplo

330 3661 433 3732 subiit
448 3684 527 3731 eum
543 3662 690 3744 quodam
705 3663 806 3731 modo
820 3661 999 3731 certiorem
1024 3663 1157 3732 factum
1172 3661 1234 3731 has
1248 3662 1336 3731 litte

331 3784 387 3832 ras
401 3769 545 3844 exstare,
562 3762 720 3831 omnibus
735 3762 842 3845 igitur
865 3761 1006 3844 viribus,
1031 3769 1073 3832 ut
1096 3762 1136 3830 iis
1158 3761 1336 3845 potiretur,

330 3869 496 3945 satagere.
519 3861 592 3931 Hoc
607 3862 796 3945 cogitatum
823 3863 905 3932 satis
925 3883 999 3932 esse
1026 3861 1222 3944 argumenti
1247 3861 1334 3931 arbi-

329 3961 455 4043 trabar,
471 3982 576 4044 quare
591 3961 626 4030 in
642 3970 757 4044 partes
772 3961 888 4031 uxoris
903 3961 976 4031 eius
991 3961 1154 4031 flecteret.

413 4060 534 4131 “Certo
549 4061 647 4144 sci0,”
663 4061 802 4130 tandem
825 4061 992 4145 respondi,
1017 4060 1160 4131 “herum
1184 4060 1332 4132 Vantine

329 4160 401 4231 sine
416 4161 628 4231 dubitatione
653 4161 868 4231 indulturum
891 4161 998 4231 fuisse
1023 4169 1063 4231 ut
1089 4161 1192 4232 cliens
1207 4169 1269 4231 tua
1282 4162 1334 4231 fo

329 4262 422 4330 rulos
437 4260 595 4344 aperiret,
611 4282 758 4344 suasque
773 4261 904 4331 litteras
919 4262 1063 4331 tolleret.
1086 4261 1134 4332 Ut
1148 4268 1332 4331 testamen·

328 4362 355 4432 ti
371 4360 423 4430 sui
439 4367 616 4430 exsecutor
630 4383 695 4443 ego
709 4383 845 4444 quoque
861 4361 1030 4444 indulgeo,
1053 4383 1134 4430 nam
1156 4361 1334 4431 cuiuscun-

328 4483 395 4545 que
410 4460 454 4531 sit
469 4483 557 4542 arca,
573 4461 696 4530 litterae
711 4461 783 4531 sine
799 4461 902 4531 dubio
918 4462 1084 4530 Matronae
1100 4461 1130 4530 X
1144 4468 1235 4531 sunt
1251 4460 1333 4531 Haec

325 4560 445 4645 utique
460 4582 501 4631 ea
515 4560 707 4631 conditione
735 4561 896 4632 nituntur
911 4568 951 4631 ut
965 4581 1046 4631 arca
1059 4582 1142 4631 vera
1167 4568 1203 4631 et
1227 4581 1335 4644 genu·
