3150 5468
312 1239 377 1310 234
575 1255 789 1313 nrsrmrnu
809 1254 918 1311 anca
938 1247 1058 1312 nourr

313 1423 440 1507 quique
455 1422 510 1495 hic
535 1445 614 1495 cum
635 1423 773 1496 decuria
793 1424 837 1495 ad
858 1421 1213 1508 comprehendendum
1233 1421 1316 1492 sica-

313 1523 402 1594 rium
426 1523 469 1594 de
492 1524 737 1596 efficacissimis
752 1525 940 1595 rationibus
954 1530 1127 1595 tractaret.
1143 1523 1317 1606 Inspector

313 1623 414 1706 Pigot
428 1624 472 1694 ab
486 1624 602 1696 Havre
617 1646 678 1709 per
692 1628 747 1696 La
762 1627 888 1697 Saooia
902 1631 976 1696 erat
991 1625 1175 1695 soluturus

397 1742 531 1812 Interea
539 1743 700 1814 satellites
710 1743 834 1826 Grady,
845 1741 1037 1814 Simmonds
1047 1741 1143 1824 duce,
1157 1738 1316 1811 omnibus

312 1841 395 1912 enisi
410 1842 550 1926 viribus,
565 1843 730 1914 latebram
755 1842 895 1926 profugi
920 1842 1067 1927 reperire
1090 1841 1314 1921 conabantur

310 1942 402 2012 unde
416 1943 523 2013 veluti
539 1943 726 2014 everriculo
740 1950 849 2013 totam
864 1942 984 2013 urbem
999 1942 1231 2024 irretiverunt,
1242 1961 1313 2024 quo

310 2043 448 2126 quidem
462 2043 565 2126 aliqui
580 2043 670 2125 capti
685 2051 767 2113 sunt
781 2043 940 2127 pisciculi,
955 2043 1014 2113 sed
1030 2043 1084 2113 ille
1099 2064 1202 2126 quem
1212 2041 1315 2112 decu·

310 2143 360 2212 ria
372 2143 560 2226 praeprimis
574 2144 824 2227 concupiverat,
833 2144 923 2214 inter
933 2163 991 2213 eos
1002 2150 1158 2226 repertus
1166 2164 1235 2212 non
1250 2149 1312 2212 est

309 2243 363 2312 Ne
378 2242 564 2325 pauxillum
580 2243 717 2327 quidem
732 2243 872 2327 profugi
886 2242 1070 2326 vestigium
1095 2243 1313 2314 enucleatum

309 2348 371 2422 est;
386 2342 416 2411 is
429 2342 636 2425 penitissime
661 2343 812 2426 evanuit,
837 2343 930 2413 unde
956 2341 1070 2425 Grady
1085 2349 1162 2426 post
1186 2362 1313 2425 paucos

309 2440 382 2511 dies
396 2442 536 2525 edicere,
552 2465 633 2513 eum
648 2442 723 2514 Neo
738 2442 890 2513 Eboraoo
904 2441 1095 2525 excessisse,
1120 2463 1190 2512 non
1215 2440 1313 2512 dubi·

307 2541 405 2611 tavit.

389 2657 521 2729 Scilicet
536 2658 651 2743 Grady
664 2681 686 2730 a
700 2659 830 2730 diurnis
844 2659 993 2731 multum
1007 2665 1164 2743 vexatus,
1178 2658 1223 2730 ad
1237 2679 1313 2742 pre·

308 2757 471 2828 mendum
480 2780 597 2829 casum
606 2759 731 2829 iterum
739 2759 848 2842 rediit,
857 2759 1045 2842 praesertim
1053 2760 1236 2830 lacessente
1245 2761 1311 2829 Re·

310 2859 402 2940 cord,
422 2858 482 2940 qui
496 2881 595 2929 casus
609 2859 672 2929 sibi
687 2881 791 2943 supra
805 2859 896 2929 vires
910 2859 1078 2930 humanas
1088 2881 1161 2929 esse
1175 2858 1312 2929 videba-

309 2964 377 3027 tur.
392 2957 580 3042 Singularis
593 2960 697 3030 huius
720 2959 871 3043 mysterii
893 2966 1029 3042 natura,
1053 2965 1310 3042 eventuumque

307 3057 396 3128 circa
411 3059 568 3144 eundem,
594 3067 770 3144 tamquam
796 3059 898 3130 ludus
924 3057 1090 3143 parebant
1113 3057 1311 3142 phantasiae,

305 3179 407 3241 porro
422 3161 512 3242 quod
528 3169 598 3230 tres
612 3182 750 3244 prorsus
764 3160 883 3230 eodem
897 3158 1031 3229 insolito
1045 3158 1146 3229 modo
1163 3157 1240 3228 caesi
1254 3157 1311 3228 fu·

305 3257 421 3342 issent,
437 3267 472 3330 et
487 3261 578 3343 quod
594 3259 703 3330 omnis
717 3260 835 3329 aberat
856 3259 1055 3343 hypothesis
1069 3279 1148 3343 quae
1162 3265 1234 3329 tres
1247 3279 1311 3328 οω-

305 3357 365 3428 des
380 3359 502 3429 rationi
517 3359 712 3443 perspicuas
732 3359 873 3430 reddere
899 3359 1070 3442 potuisset
1084 3393 1127 3406 ·—
1140 3357 1234 3428 haud
1247 3357 1310 3428 mi·

304 3480 383 3528 rum
398 3467 472 3529 erat
487 3459 578 3542 quod
593 3459 696 3530 animi
711 3459 863 3530 omnium
878 3460 952 3529 fere
969 3459 1004 3528 in
1019 3459 1111 3530 hunc
1125 3479 1243 3529 casum
1253 3458 1309 3529 fu·

306 3565 409 3628 erunt
424 3559 534 3629 defixi.
557 3559 719 3630 Omnium
734 3580 830 3642 paene
856 3558 1036 3629 civitatum
1061 3565 1204 3642 agentes
1228 3558 1309 3629 feri·

306 3658 397 3728 atici¹
423 3681 485 3729 sua
510 3659 681 3730 habebant
696 3659 908 3730 theoremata
932 3658 1032 3729 alicui
1055 3659 1134 3729 usui
1159 3665 1241 3742 apta
1266 3693 1308 3704 -

304 3779 452 3842 quorum
466 3760 626 3843 pleraque
642 3759 762 3842 utique
776 3780 798 3828 a
812 3758 1007 3842 longissimo
1022 3765 1121 3828 erant
1135 3757 1261 3841 petital

387 3858 438 3928 Ea
453 3866 656 3942 tempestate
671 3859 786 3942 Grady
800 3858 944 3942 grandia
957 3879 998 3928 ac
1012 3858 1093 3928 fusa
1106 3857 1212 3928 edidit
1226 3857 1308 3929 effa·

303 3963 341 4026 ta
355 3957 397 4027 de
413 3958 483 4028 suis
498 3958 643 4028 consiliis
657 3957 930 4041 molimentisque
945 3957 1201 4028 malefactorem
1217 3956 1306 4040 capi·

303 4057 400 4139 endi;
421 4059 554 4129 factum
569 4065 685 4129 tamen
701 4080 805 4142 quam
819 4058 927 4129 verba
941 4057 1125 4129 facundius
1139 4056 1306 4141 probabat

402 4292 427 4343 2
444 4287 626 4352 Fer-totietas,
643 4303 684 4352 -o,
700 4304 772 4352 nm,
789 4289 861 4356 quod
886 4289 972 4350 feriis.
999 4288 1026 4342 h.
1052 4304 1077 4342 e.
1100 4303 1156 4342 non
1182 4288 1305 4356 quotidie

302 4373 343 4435 lit,
354 4373 453 4440 agitur,
466 4373 619 4435 adhibetur,
636 4373 769 4434 homines,
783 4373 901 4434 lictores,
919 4373 1059 4434 satellites,
1081 4373 1236 4440 quicunque
1248 4373 1305 4434 alli.

300 4473 414 4524 quorum
426 4457 538 4510 nomina
552 4457 581 4508 in
593 4457 707 4510 elencho
721 4456 826 4509 servitii
839 4457 1002 4517 retinentur,
1027 4455 1194 4509 invocantur
1210 4461 1302 4509 autem

299 4554 385 4606 quum
396 4556 490 4594 eorum
502 4555 584 4608 opera
593 4546 685 4608 egent.
