3150 5468
525 1209 1001 1267 noomancnsnennnrrua
1197 1191 1260 1265 19⁸1

253 1378 489 1548 §quicherrimava
514 1378 722 1462 Reperistine
746 1400 1003 1462 monogramma
1027 1378 1193 1448 Matrona
1214 1377 1257 1448 de

288 1488 453 1562 ontespan
465 1480 498 1548 .”

335 1596 433 1665 “Non
450 1597 646 1679 reperimus.
674 1595 786 1666 Herus
809 1597 946 1679 quidem
971 1595 1119 1666 Vantine
1143 1593 1258 1665 existi·

251 1696 367 1765 mahat
382 1697 415 1765 id
429 1696 553 1810 alicubi
575 1697 787 1778 delitescere;
818 1719 882 1781 ego
906 1704 1021 1766 tamen
1046 1703 1081 1765 et
1103 1695 1255 1779 Godfrey

250 1819 316 1865 non
333 1797 582 1879 quaeslvlmu8.”

333 1913 417 1982 Dein
434 1913 538 1982 herus
560 1914 711 1983 Annand
736 1914 853 1997 pandit
875 1914 994 1984 valvas
1017 1934 1096 1996 quae
1122 1912 1254 1983 forulos

253 2013 381 2082 medios
395 2014 567 2095 tegebant.

301 2130 439 2199 “Eccel’
449 2131 506 2212 ait,
518 2131 724 2213 dumdigitis
733 2132 917 2213 musivum,
927 2134 1020 2201 recta
1029 2130 1093 2201 sub
1102 2129 1252 2213 fastigio,

249 2231 476 2312 percurrebat,
503 2230 601 2300 “vide
627 2232 673 2301 sis
696 2254 800 2314 quam
823 2233 906 2301 scite
930 2232 1021 2301 istud
1043 2230 1249 2314 permixtum

246 2331 289 2399 sit
313 2354 391 2400 curn
405 2331 537 2400 caeteris
552 2331 681 2413 liguris.
704 2333 818 2414 Atque
834 2333 908 2401 istic
931 2339 984 2401 est
1005 2331 1172 2401 emblema
1193 2330 1251 2399 do·

246 2431 389 2499 nantis.”
425 2431 553 2499 Dehinc
575 2432 822 2500 demonstravit
849 2432 1009 2515 pusillum
1033 2452 1177 2501 aureum
1199 2451 1250 2499 so-

244 2530 320 2610 lem,
344 2531 444 2600 radiis
459 2531 501 2599 ad
518 2531 667 2600 fundum
684 2532 813 2614 fastigii
831 2531 1119 2615 procurrentibus
1135 2529 1249 2614 paullo

244 2653 347 2713 supra
363 2653 634 2713 monogramma:
663 2632 761 2701 “Rex
777 2634 878 2703 Sol.”

333 2749 429 2817 “Rex
445 2751 544 2828 Sol,”
564 2750 706 2831 repetivi
722 2772 796 2831 ego.
828 2749 950 2819 “Stulti
975 2771 1037 2818 nos
1059 2747 1191 2818 fuimus
1212 2746 1246 2817 id

244 2871 309 2915 non
326 2849 613 2917 animadvertisse.
638 2850 708 2918 Hoc
725 2858 833 2918 totam
856 2850 967 2931 prodit
991 2848 1164 2917 historiam
1187 2847 1246 2929 rei,

243 2971 353 3016 nonne
370 2949 439 3017 ita?
456 2949 544 3028 Quid
560 2950 607 3018 rei
623 2959 684 3031 est,
701 2949 848 3019 Parks?’'
871 2949 1020 3018 sciscitor
1035 2948 1078 3018 ab
1093 2969 1143 3030 eo,
1159 2948 1193 3017 in
1208 2947 1246 3017 li·

244 3049 332 3117 mine
347 3050 514 3118 adstante.

325 3167 546 3235 “petoritum¹
565 3190 635 3249 prae
650 3167 735 3236 ostio
750 3167 873 3248 adstat,
888 3167 934 3235 mi
962 3165 1084 3247 Here,”
1109 3186 1245 3248 respon·

241 3266 290 3334 dit
309 3267 372 3346 ille,
390 3267 548 3348 “binique
563 3268 705 3350 operarii
721 3268 846 3349 aliquid
863 3266 1078 3349 supellectilis
1102 3287 1243 3336 evasare

242 3367 452 3448 inceperunt.
476 3368 645 3435 llatumne
661 3375 723 3447 est,
740 3369 830 3436 Here
840 3367 877 3436 ?”

324 3485 404 3552 “Est
422 3486 566 3564 ratum,”
584 3484 747 3567 respondi.
781 3484 871 3553 “Fac
884 3493 924 3554 ut
940 3483 973 3552 id
989 3483 1056 3552 huc
1082 3483 1242 3552 inferant.

242 3583 369 3652 Deinde
384 3586 512 3653 advoca
529 3585 572 3652 sis
588 3587 789 3667 prefectum
806 3584 998 3664 inventarii,
1024 3583 1141 3665 paucis
1162 3603 1242 3651 eum

242 3685 326 3751 volo.
352 3687 464 3752 Herus
481 3685 627 3753 Vuntine
644 3707 740 3752 suam
758 3707 872 3752 rerum
897 3683 1143 3751 artefactarum
1166 3703 1242 3750 con·

239 3786 367 3864 geriem
386 3785 643 3866 iletropolitano
660 3785 794 3852 Artium
820 3785 938 3852 Museo
962 3789 1166 3852 testamento
1189 3803 1241 3850 re·

240 3885 368 3966 liquit?
384 3884 591 3966 explicabam
615 3884 778 3952 rationem
803 3883 949 3953 instituti
980 3882 1046 3952 mei
1073 3882 1154 3951 hero
1180 3882 1243 3950 Ar·

239 3985 351 4065 mand,
371 3984 505 4065 “itaque
522 4006 660 4066 aequum
676 3984 820 4053 arbitror
843 3984 934 4053 vices
950 3982 1058 4052 Musei
1080 3988 1240 4064 agentem

239 4084 318 4153 lruic
334 4084 534 4152 emutationi
552 4085 745 4153 interesse.”

340 4337 363 4386 1.
376 4333 548 4393 Praemium,
566 4333 597 4395 -ί,
615 4341 657 4386 est
669 4351 755 4399 genus
777 4335 905 4394 vehiculi,
926 4349 1021 4385 eunus
1039 4332 1156 4397 gravior.
1174 4336 1241 4383 tam·

239 4436 320 4486 quam
335 4422 480 4476 serrarum.
496 4420 596 4470 nostris
609 4426 701 4470 tumen
714 4419 881 4483 temporibus
895 4418 961 4469 illud
976 4433 1063 4483 genus
1074 4416 1113 4469 sic
1126 4415 1242 4481 appella·

242 4520 309 4561 mus,
320 4520 373 4570 quo
386 4503 600 4568 suppellectilem
613 4502 790 4554 domesticam
803 4508 952 4554 nectamus
