3128 5016
586 826 876 881 maromnouus
1190 810 1232 881 99

230 996 332 1065 foruli
366 1017 454 1066 arcae
477 996 642 1064 Matronae
662 995 704 1064 de
728 995 939 1076 Montespan‚
963 994 1022 1064 sed
1044 993 1232 1077 praeprimis

230 1097 301 1179 ipse
328 1097 424 1164 novit
448 1103 618 1165 secretum
644 1095 825 1165 veneni-
839 1095 962 1164 veneni
985 1093 1233 1164 Mediceorum!

231 1196 385 1278 Capisne,
400 1196 447 1265 mi
463 1197 592 1277 Lester‚
608 1196 728 1278 quanti
745 1196 807 1264 hoc
824 1195 867 1263 sit
875 1195 912 1263 ?”

314 1296 434 1379 “Quid‚
450 1297 588 1366 tandem
598 1297 635 1365 l'’
651 1296 804 1378 quaesivi,
820 1295 911 1378 quod
928 1294 1080 1378 Godfrey
1094 1317 1148 1363 me
1164 1294 1232 1363 iam

231 1397 423 1479 superabat.

316 1496 408 1565 “Hoc
425 1497 596 1566 indicatur
612 1496 779 1578 insignem
795 1518 875 1564 eum
892 1518 965 1564 esse
981 1496 1235 1565 malefactorem

233 1633 270 1641 -
288 1619 408 1666 revera
423 1597 601 1680 egregium
618 1598 872 1665 malefactorem
895 1632 937 1640 —
960 1597 1074 1677 talem,
1100 1595 1235 1678 qualem

232 1698 357 1765 scelera
373 1698 465 1766 nulla
480 1699 597 1766 latent.
620 1697 864 1766 Animadverte
879 1697 933 1765 sis.
972 1697 1004 1764 ls
1026 1697 1118 1765 solus
1138 1695 1235 1763 novit

233 1805 401 1866 secretum
417 1797 495 1866 huis
510 1798 649 1878 veneni;
673 1820 764 1866 unus
778 1819 919 1865 suorum
934 1819 1075 1879 gregem
1102 1795 1236 1875 deserit,

233 1898 456 1979 proditionem
472 1920 569 1965 suam
585 1898 656 1966 vita
672 1898 745 1966 luit.
768 1898 826 1965 llle
842 1904 895 1965 est
918 1918 1025 1977 mens,
1049 1895 1162 1964 caeteri
1189 1894 1237 1963 in·

233 2004 423 2066 strumenta
440 2005 575 2066 tantum
586 1997 614 2064 !'’

317 2097 428 2179 “Ergo
443 2105 482 2166 tu
499 2120 566 2166 non
582 2098 690 2167 credis
706 2119 818 2166 arcam
834 2119 914 2166 casu
930 2096 977 2165 ad'
988 2096 1135 2165 Vantine
1158 2095 1236 2164 mis·

233 2221 304 2267 sam
320 2198 435 2266 esse?”

316 2297 494 2367 “Casune?
531 2298 669 2368 Minime
695 2297 870 2380 gentium!
907 2298 996 2381 Quin
1013 2320 1091 2380 pars
1106 2296 1237 2366 fuitin·

233 2407 372 2481 tegrans
387 2398 548 2481 propositi
564 2435 605 2442 —
621 2400 733 2467 eximii
750 2399 912 2481 propositi
924 2399 952 2466 !'’

316 2499 495 2568 “Etiamne
511 2500 544 2568 id
560 2507 656 2582 potes
672 2499 753 2567 mihi
769 2499 940 2568 declarare
949 2499 985 2568 ?”
1008 2521 1124 2581 quaero
1139 2521 1181 2566 ex
1196 2520 1236 2567 eo

232 2601 379 2683 quadam
396 2600 512 2680 ironia,
529 2623 608 2669 nam
633 2600 725 2668 haud
750 2599 895 2668 diffiteor
921 2600 1002 2667 mihi
1029 2600 1142 2667 visum
1163 2621 1236 2667 esse

233 2702 385 2782 Godfrey
401 2723 436 2769 se
453 2701 631 2783 phantasia
646 2704 709 2769 sua
723 2701 831 2783 abripi
847 2722 983 2782 passum
1000 2721 1081 2768 esse.

318 2802 412 2869 Bono
427 2801 540 2869 animo
555 2800 735 2869 subridens
750 2822 805 2868 me
820 2801 1006 2881 conspexit.

317 2901 420 2970 “Haec
437 2901 550 2969 omnia
565 2901 685 2983 utique
701 2900 836 2969 fabulas
850 2908 965 2969 texere
981 2901 1064 2980 est,”
1086 2900 1235 2982 ingenue

234 3003 347 3071 fassus
362 3009 423 3070 est.
447 3002 521 3082 Ego
536 3001 666 3083 primus
692 3001 725 3068 id
750 3023 906 3082 agnosco.
937 3000 1029 3068 Nihil
1056 3001 1121 3068 nisi
1145 3000 1235 3069 enim

235 3103 401 3171 rationem
417 3101 638 3169 theorematis
653 3100 760 3168 nostri
775 3100 817 3168 ad
834 3101 1024 3169 naturalem
1040 3099 1143 3169 finem
1160 3123 1236 3169 sum

235 3211 444 3285 prosecutus.
467 3202 513 3269 nt
536 3200 608 3268 fieri
634 3201 738 3268 etiam
755 3208 865 3282 potest
881 3222 943 3268 nos
957 3222 977 3267 a
992 3207 1084 3268 recto
1100 3200 1236 3269 tramite

234 3325 373 3386 prorsus
397 3303 580 3370 aberrasse.
604 3301 759 3368 Fortasse
783 3301 963 3380 d’Aurelle,
984 3307 1046 3368 aut
1071 3299 1236 3383 quidquid

235 3404 326 3473 aliud
342 3424 465 3471 nomen
485 3402 559 3471 eius
575 3401 691 3481 fuerit,
706 3422 785 3468 casu
814 3408 951 3470 tantum
974 3400 1128 3482 fortuito,
1152 3408 1235 3469 tam·

235 3527 338 3588 quam
355 3505 462 3571 blatta
477 3503 511 3570 in
528 3502 700 3570 flammam
716 3500 874 3581 candelae,
890 3523 930 3569 eo
941 3501 1066 3569 incidit.
1081 3536 1122 3545 -
1138 3499 1235 3584 Quod

235 3605 277 3674 ad
294 3604 451 3672 molimen
468 3603 580 3684 ipsum
596 3603 721 3670 attinet
737 3637 773 3644 -
791 3601 985 3669 coniectura
1005 3623 1082 3669 mea
1104 3601 1235 3670 nonnisi

235 3713 296 3773 est.
312 3704 399 3786 Quid
416 3703 554 3771 tandem
566 3702 593 3770 si
605 3723 669 3783 ego
684 3709 719 3770 et
735 3709 774 3770 tu
790 3701 913 3770 indicia
928 3700 1120 3770 deteximus
1134 3701 1237 3770 auda·

235 3806 282 3874 cis
297 3803 460 3872 latrocinii
476 3802 537 3845 —”

319 3904 437 3974 Subito
452 3901 625 3981 conticuit,
641 3901 814 3984 expalluit,
839 3923 918 3969 mox
941 3901 1066 3969 iterum
1089 3901 1236 3970 erubuit.

320 4003 519 4088 ‘“Quidnam
533 4001 590 4082 rei,
603 4001 798 4084 Godfrey?”
815 4001 967 4085 quaesivi,
979 4002 1069 4084 quod
1080 4009 1238 4084 aspectus

235 4107 309 4177 eius
324 4127 379 4175 me
394 4102 571 4174 exterruit.
