3128 5016
275 733 317 802 38
538 747 749 801 urrunnun
770 747 877 800 naon
899 742 1018 802 nourr

276 919 339 987 hoc
366 916 468 985 etiam
495 938 584 984 mox.
622 917 757 985 Interea
784 923 898 985 tamen
923 916 1072 986 arduum
1097 938 1184 1000 opus
1199 917 1282 987 mihi

276 1017 442 1098 imminet,
458 1017 511 1086 sui
525 1017 616 1085 enim
631 1017 766 1099 patroni
781 1017 938 1086 nesciunt
962 1039 1126 1100 quorsum
1150 1039 1186 1086 se
1207 1039 1285 1088 ver·

277 1126 363 1187 tant.
387 1118 503 1200 Quum
518 1124 633 1186 tamen
650 1117 753 1185 semel
769 1117 871 1185 elisus
885 1117 1002 1200 fuerit,
1017 1125 1141 1187 cuncta
1156 1118 1283 1187 iterum

278 1216 558 1300 prosperabunt.”

362 1316 460 1400 Quod
475 1316 517 1385 de
533 1315 646 1398 Grady
662 1316 743 1384 nihil
760 1338 815 1385 me
830 1317 1008 1398 attinebat,
1024 1316 1068 1386 ad
1084 1317 1281 1387 institutum

279 1423 434 1486 nostrum
450 1416 586 1485 reverti.

364 1516 485 1600 “Quin,
502 1515 683 1599 Godfrey,”
700 1539 779 1585 eum
806 1517 948 1599 appello,
974 1517 1022 1585 “si
1048 1539 1222 1587 venenum
1248 1518 1283 1586 in

281 1639 384 1687 causa
399 1638 467 1685 non
482 1616 561 1697 fuit,
577 1616 660 1697 quid
674 1617 789 1686 fuit?”

365 1716 434 1786 “nt
442 1717 521 1797 fuit
534 1718 738 1785 venenum.”

365 1816 547 1885 “Manuine
562 1816 724 1886 iniectum
739 1819 775 1887 ?’'

366 1916 484 1998 Capite
499 1916 630 1987 annuit.

366 2016 433 2085 “At
449 2016 657 2099 Goldberger
671 2019 719 2086 ait
735 2019 866 2088 nullum
893 2019 966 2088 dari
993 2040 1164 2087 venenum
1192 2019 1284 2101 quod

283 2118 331 2186 ita
346 2116 508 2196 adhiberi,
524 2123 663 2198 tamque
678 2119 745 2186 cito
761 2118 922 2188 effectum
939 2117 1050 2187 sortiri
1065 2119 1200 2201 queat.”

367 2217 491 2286 “Recte
521 2216 657 2299 quidem
684 2218 924 2301 Goldberger‚”
960 2217 1082 2301 probat
1112 2219 1286 2301 Godfrey;

284 2318 357 2387 “est
372 2325 487 2386 tamen
502 2339 673 2386 venenum
687 2319 845 2401 ignotum
860 2318 951 2401 quod
967 2326 1072 2401 queat
1088 2355 1128 2364 -
1150 2320 1284 2389 iactum

284 2417 436 2501 probat.”

368 2517 481 2601 “Ergo
495 2541 564 2588 non
579 2541 712 2589 morsus
728 2520 920 2603 anguineus
933 2520 968 2589 l”

368 2618 491 2688 “Nullo
507 2627 622 2702 pacto;
645 2642 817 2690 venenum
842 2620 1051 2703 anguineum
1067 2642 1135 2688 non
1151 2626 1223 2689 tam
1238 2621 1285 2690 ci·

285 2726 320 2787 to
335 2726 435 2788 necat
453 2755 491 2764 -
509 2742 552 2788 ne
567 2720 864 2803 trigonocephalus
880 2720 1027 2803 quidem.
1065 2720 1215 2789 Misellus
1231 2721 1288 2789 ille

285 2821 358 2888 fere
374 2819 492 2888 eodem
508 2821 579 2889 loco
594 2820 652 2889 ubi
667 2821 756 2889 ictus
771 2828 844 2890 erat
859 2820 1036 2889 concidit.”

370 2919 502 3001 “Equiti
517 2928 591 2989 tum
608 2920 718 2991 fuit?”

369 3019 519 3102 Godfrey
536 3021 660 3089 iterum
676 3029 810 3090 erectus
825 3020 974 3090 sedebat.
1012 3021 1083 3090 lam
1108 3042 1176 3088 non
1201 3021 1288 3089 ride·

288 3120 355 3188 bat.
378 3119 485 3188 Vultu
502 3129 575 3189 erat
591 3121 773 3190 admodum
790 3122 886 3190 serio.

371 3219 463 3288 “Hoc
487 3220 597 3302 ipsum
624 3228 676 3289 est
702 3221 793 3302 quod
817 3222 991 3304 explorare
1015 3241 1130 3303 pergo,
1146 3220 1191 3288 mi
1209 3220 1289 3288 Les·

287 3320 371 3399 ter‚''
387 3320 515 3402 inquit;
539 3320 663 3403 “atque
679 3321 741 3390 hoc
757 3329 809 3390 est
824 3321 997 3404 problema
1023 3319 1113 3402 quod
1140 3320 1222 3388 mibi
1243 3321 1287 3390 ad

287 3420 487 3488 solvendum
514 3421 682 3503 praeposui
707 3430 807 3490 —et
833 3422 958 3490 bellum
985 3421 1131 3502 quidem.
1170 3420 1287 3489 Unum

287 3519 468 3588 dumtaxat
483 3528 535 3589 est
558 3529 690 3590 certum
706 3522 932 3590 —homullus
958 3521 1011 3590 ille
1034 3542 1143 3590 caesus
1166 3528 1219 3588 est
1241 3520 1289 3588 in·

288 3627 447 3688 terventu
464 3629 636 3701 extraneo,
653 3644 720 3690 non
737 3645 808 3690 suo.
831 3623 938 3691 Gutta
954 3643 1032 3701 una,
1049 3622 1103 3689 vel
1119 3621 1204 3703 pluo
1231 3642 1289 3689 ve·

288 3720 366 3788 neni
383 3719 450 3788 fuit
465 3720 598 3802 ingesta
614 3723 771 3804 sanguini
787 3723 860 3791 eius
875 3744 938 3804 ope
953 3720 1152 3789 ferramenti
1177 3720 1289 3789 cuius·

288 3819 367 3888 darn
394 3827 570 3902 tamquam
598 3843 680 3890 acus
706 3823 944 3902 subcutaneae;
980 3830 1085 3903 atque
1115 3841 1287 3889 venenum

290 3919 356 3988 tuit
372 3927 442 3987 tam
460 3920 678 4001 virulentum,
694 3930 733 3990 ut
748 3923 821 3991 fere
847 3923 916 3992 ictu
932 3922 1019 3990 oculi
1035 3920 1202 4003 paralysin
1219 3942 1290 3988 cor-

288 4019 340 4088 dis
355 4019 541 4089 induceret.
564 4021 693 4091 Tamen
710 4023 772 4091 hoc
787 4045 855 4091 non
877 4022 961 4091 adeo
977 4021 1101 4090 mirum
1117 4029 1168 4090 est
1185 4042 1288 4102 quam
