3150 5468
316 1196 378 1265 184
577 1209 787 1263 uusrnnmu
809 1208 916 1263 anon
937 1202 1057 1263 somn

402 1378 535 1460 “Nullo
551 1385 720 1461 quantum
736 1378 849 1446 sciam.
872 1376 1081 1446 Mortuarius
1102 1397 1177 1445 cras
1192 1375 1225 1444 in
1241 1398 1320 1445 cau-

318 1501 389 1548 sam
405 1479 566 1560 inquiret.
603 1479 747 1547 Causam
763 1477 1029 1560 cognoscendam
1046 1477 1074 1545 is
1089 1478 1242 1545 consulto
1257 1477 1322 1544 dis-

317 1580 397 1648 tulit
412 1601 453 1647 ea
468 1600 527 1660 spe
544 1586 584 1647 ut
599 1600 689 1647 nova
704 1581 935 1660 reperirentur
950 1578 1040 1646 forte
1056 1577 1280 1646 testimonia.”

401 1695 498 1763 “Nec
513 1695 582 1763 ulla
597 1701 679 1763 sunt
694 1694 873 1776 reperta?”

405 1811 476 1881 “De
492 1811 593 1880 nullis
608 1811 766 1893 equidem
781 1811 928 1880 audivi.'’

400 1929 475 1998 “Ne
489 1929 614 1997 novisti
629 1929 766 2011 quidem
781 1928 857 2010 quis
872 1929 1073 2011 peregrinus
1087 1929 1142 1997 ille
1156 1927 1317 1997 fuisset?”

402 2045 496 2114 “Iam
512 2045 574 2114 hoc
590 2052 763 2127 repertum
780 2053 841 2114 est.
875 2045 955 2114 Fuit
970 2045 1091 2127 aliquis
1105 2045 1231 2114 nullius
1245 2066 1319 2127 pre-

320 2146 368 2228 tii,
384 2146 520 2214 nomine
537 2146 697 2214 Drouet.'’

400 2263 619 2332 “Francusne
635 2263 672 2332 Y'

398 2379 582 2459 “Francus,
613 2379 712 2447 cuius
743 2363 949 2448 domicilium
980 2379 1212 2462 subteglinum
1246 2386 1320 2447 erat

320 2481 467 2562 Parisiis
484 2481 557 2549 Rue
574 2480 616 2548 de
632 2481 664 2548 la
680 2480 882 2548 Huchette.”

401 2598 514 2666 Herus
540 2596 691 2665 Armand
721 2596 833 2664 animo
859 2596 1012 2665 intentus
1034 2619 1088 2665 me
1112 2595 1321 2676 intuebatur,

318 2698 377 2767 sed
392 2719 484 2765 nunc
501 2697 681 2776 relaxatus
697 2703 732 2764 et
748 2703 788 2764 ut
802 2695 883 2764 mihi
900 2718 1143 2777 persuaseram,
1156 2697 1256 2776 longo
1267 2717 1324 2763 su·

319 2798 431 2880 spirio,
446 2804 487 2865 ut
502 2797 603 2865 homo
618 2797 717 2878 gravi
743 2797 877 2864 levatus
903 2819 1014 2865 onere.
1035 2797 1175 2865 Interim
1198 2796 1232 2863 in
1254 2795 1322 2863 imo

317 2898 420 2966 animi
436 2897 501 2965 mei
519 2919 653 2965 recessu
670 2896 861 2965 umbratilis
876 2918 1033 2979 vagaque
1057 2897 1199 2978 suspitio
1221 2896 1321 2964 subo

319 2998 377 3066 riri
393 2998 495 3079 coepit
511 3034 552 3040 —
568 2996 709 3079 suspitio
725 2996 859 3076 scilicet,
876 2997 942 3064 acsi
959 2997 1064 3065 herus
1077 2996 1230 3064 Armand
1257 2996 1321 3064 hac

319 3098 353 3166 in
378 3120 415 3166 re
438 3099 538 3179 longe
564 3098 641 3179 plus
666 3096 842 3177 cognitum
865 3096 1006 3165 haberet
1027 3118 1131 3178 quam
1157 3096 1322 3165 hactenus

320 3197 530 3280 prodidisset.

404 3313 520 3381 “Num
546 3321 585 3381 tu
612 3335 693 3381 casu
720 3312 832 3393 aliquo
862 3334 942 3380 eum
972 3312 1096 3381 novisti
1106 3312 1142 3381 ?”
1173 3312 1324 3382 incurius

320 3435 448 3497 quaero.

404 3530 502 3598 “Non
520 3530 617 3612 novi;
640 3531 732 3599 haud
749 3540 843 3614 puto.
865 3532 926 3599 Est
947 3537 1064 3599 tamen
1089 3552 1209 3612 unum,
1233 3529 1323 3599 Here

321 3632 451 3711 Lester,
467 3631 558 3712 quod
574 3653 641 3698 non
658 3632 761 3713 capio,
777 3642 812 3701 et
828 3632 903 3700 ideo
918 3631 1163 3712 indulgentiam
1173 3638 1268 3699 tuam
1280 3631 1323 3699 ob

321 3754 432 3800 meam
449 3731 599 3812 flagitem
615 3733 851 3801 temeritatem.
866 3734 942 3800 Non
959 3731 1048 3799 enim
1065 3731 1227 3812 perspicio
1242 3729 1323 3813 quid

321 3832 394 3913 iste,
412 3854 512 3913 quem
530 3853 630 3899 vocas
646 3833 785 3913 Drouet,
807 3833 898 3902 domi
923 3831 996 3900 heri
1022 3831 1169 3901 Vantine
1195 3831 1324 3913 negotii

324 3931 512 4000 habuerit.”

406 4047 574 4116 “Litteras
590 4069 647 4116 eas
662 4048 796 4118 volebat
822 4050 855 4117 in
881 4071 976 4118 suam
1001 4047 1154 4129 redigere
1179 4055 1325 4130 potesta-

322 4150 424 4229 tem,”
442 4149 519 4216 dixi.

407 4264 466 4347 “A,
483 4266 516 4334 id
533 4266 648 4347 itaque
664 4267 867 4335 moliebatur
877 4267 905 4335 !'’
932 4274 966 4335 et
982 4266 1148 4334 salutator
1162 4287 1258 4334 meus
1272 4286 1326 4335 ca·

322 4373 384 4448 put
400 4366 592 4446 quassabat.
616 4366 679 4434 “Et
697 4367 758 4435 hoc
776 4367 938 4435 tentando
965 4366 1034 4434 fuit
1057 4365 1325 4447 interemptus?'’

405 4480 487 4563 “lta
504 4505 594 4551 sane.
618 4484 673 4565 At,
690 4484 737 4552 mi
754 4485 843 4553 Here
860 4482 1023 4563 Armand,
1039 4481 1073 4549 id
1096 4502 1158 4550 nos
1182 4503 1323 4565 praeser·
