3128 5016
279 783 320 851 28
539 799 747 852 ursramuu
769 799 876 851 ancia
898 794 1016 852 nouus

364 966 503 1035 “Habeo
519 967 579 1035 tibi
595 967 774 1049 gratiam,'’
797 968 910 1049 paullo
925 967 1086 1049 frigidius
1107 967 1281 1050 respondit

279 1065 437 1135 Vantine.

363 1166 484 1248 “Tum,
516 1177 554 1236 ut
585 1168 713 1250 opinor,
742 1167 850 1236 Parks
876 1167 909 1236 id
936 1167 1057 1236 iecisse
1073 1168 1205 1249 putas‚”
1232 1167 1280 1236 ait

279 1264 497 1348 Goldberger.

363 1366 491 1436 “Parks
505 1367 538 1435 id
554 1368 668 1436 facere
684 1367 834 1449 potuisse
857 1367 949 1435 haud
975 1367 1204 1449 negaverim‚”
1232 1387 1281 1435 se

279 1465 426 1535 riuseule
441 1468 627 1537 assentitur
643 1467 805 1550 Godfrey.

364 1565 562 1649 “Ineptiae!”
584 1568 776 1650 interpellat
792 1567 941 1636 Vantine
957 1567 1147 1649 impatiens.
1165 1566 1280 1635 “Nihil

279 1673 395 1734 nostro
410 1667 518 1735 Parks
532 1674 583 1735 est
599 1668 725 1736 rectius
740 1703 779 1711 ·-
796 1667 824 1736 is
839 1668 997 1736 comitem
1012 1689 1073 1749 per
1084 1666 1280 1735 octennium

279 1765 364 1834 mihi
380 1788 416 1834 se
432 1768 622 1849 praestitit.’'

362 1866 484 1936 “Certe
500 1876 580 1937 sunt
596 1869 763 1949 ineptiae‚”
779 1869 944 1951 approbat
957 1867 1173 1949 Goldberger.
1186 1866 1281 1936 “Ine

279 1966 378 2047 ptiari
395 1968 520 2035 etenim
537 1976 588 2037 est
612 1990 808 2037 asseverare
832 1968 924 2038 hunc
949 1991 970 2036 a
993 1989 1198 2050 quocunque
1223 1966 1280 2035 ho

279 2066 369 2134 mine
394 2067 500 2135 fuisse
524 2068 681 2136 occisum.
714 2068 788 2150 lpse
813 2090 849 2136 se
873 2068 1002 2137 oceidit.
1040 2067 1279 2149 intelligemus

278 2166 425 2248 aenigma
442 2189 548 2249 quum
565 2168 763 2237 sciverimus
779 2169 855 2250 quis
870 2169 933 2236 iste
956 2169 1028 2250 ipso
1051 2167 1158 2235 fuerit
1178 2202 1211 2210 -
1230 2188 1281 2234 ze·

278 2266 405 2348 lotypia
420 2268 576 2348 fortasse,
602 2269 748 2336 fortasse
775 2268 857 2337 nihil
883 2269 946 2336 nisi
971 2269 1059 2336 mala
1082 2267 1224 2335 fortuna
1239 2302 1280 2309 -

279 2387 347 2434 non
363 2368 453 2435 enim
470 2368 616 2450 speciem
632 2369 702 2436 fert
718 2368 863 2436 hominis
878 2367 1061 2450 opulenti.”

368 2484 595 2553 “Remulcabo
626 2485 801 2565 Parisios‚”
828 2485 875 2553 ait
902 2484 1103 2554 Simmonds.
1140 2483 1195 2552 “Si
1216 2483 1280 2552 iste

279 2583 367 2651 illinc
383 2594 445 2664 est,
459 2606 536 2652 mox
553 2586 798 2667 experiemur.'’

364 2682 497 2753 “Satius
512 2694 601 2753 esset
626 2690 790 2753 arceram¹
818 2685 845 2753 si
871 2706 1059 2753 accerseres
1073 2705 1280 2766 curaresque

279 2790 319 2851 ut
334 2785 480 2852 cadaver
495 2784 529 2852 in
545 2785 783 2853 conditorium²
798 2785 1024 2866 deferretur,''
1050 2792 1166 2853 monet
1182 2784 1281 2853 Gold-

280 2882 411 2965 berger.
429 2885 520 2953 “lllic
536 2885 626 2954 enim
643 2886 763 2967 aliquis
779 2908 858 2953 eum
872 2895 964 2954 certe
980 2893 1151 2967 agnoscet.
1189 2884 1279 2953 Nam

278 3005 354 3051 cras
368 3006 493 3066 magna
509 2985 572 3053 illic
588 2985 653 3053 erit
669 2985 779 3066 turba,
806 2986 972 3067 siquidem
988 2985 1111 3053 diurna
1125 3006 1201 3053 cras
1215 2984 1279 3054 hac

279 3105 316 3152 re
332 3084 474 3153 affluent
492 3087 552 3128 —''

368 3188 526 3253 “Illeord
542 3186 720 3254 dumtaxat
739 3209 808 3254 rem
824 3187 911 3255 hanc
938 3186 1071 3254 affatim
1096 3193 1281 3268 pertracta·

280 3286 360 3364 bit‚··
378 3288 527 3367 (ioclsrey
544 3287 731 3354 confirmat.

366 3387 460 3463 “Euo
476 3402 591 3454 nutem
610 3389 860 3468 inquisitionem
878 3388 1100 3468 inposterum
1127 3386 1216 3454 diem
1233 3385 1281 3454 in·

279 3486 419 3559 dicam.'‘
452 3490 558 3570 mugit
593 3489 809 3568 (loldlierger.
849 3489 1009 3555 “Interim
1039 3487 1081 3554 ad
1109 3487 1279 3555 medicum

279 3609 420 3656 examen
439 3588 685 3656 instituendum
703 3589 868 3655 medicum
887 3609 998 3654 meum
1016 3587 1188 3668 extemplo
1205 3585 1281 3655 sub-

280 3689 423 3755 mittam.
447 3688 479 3756 Si
496 3689 691 3756 stomachus
708 3689 808 3755 liuius
824 3689 891 3755 ullo
908 3710 1040 3755 veneno
1056 3688 1205 3755 inlectus
1227 3686 1282 3765 sit,

280 3789 436 3869 protinus
451 3789 726 3869 comperiemus.’'

383 4010 405 4057 ¹.
428 4007 475 4057 Est
489 4022 583 4057 currus
597 4006 630 4057 ad
644 4006 790 4057 vectandos
811 4014 930 4069 agrotos
943 4014 970 4057 et
984 4014 1113 4056 mortuos.

380 4094 405 4142 2.
428 4091 513 4142 Locus
526 4098 566 4141 cst
581 4091 626 4141 ubi
640 4091 771 4141 cadavera
784 4107 830 4154 pro
843 4098 966 4154 tempore
984 4090 1147 4141 conduntur.
