3128 5016
593 769 719 821 naxus
740 769 958 822 immin
1238 758 1279 824 29

362 936 513 1018 Godfrey
529 938 633 1015 siluit‚
649 937 729 1018 quid
747 950 862 1005 tamen
888 959 1003 1006 secum
1020 939 1053 1005 in
1071 950 1185 1007 mente
1211 941 1281 1008 vol·

278 1038 378 1119 verit,
395 1038 478 1105 satis
491 1038 659 1119 perspexi.
692 1036 745 1105 Sic
769 1038 840 1119 ipse
864 1038 1145 1106 ratiocinabatur:
1167 1039 1196 1107 si
1217 1040 1281 1108 iste

278 1150 437 1206 mortuus
453 1159 585 1205 veneno
601 1138 740 1216 interiit,
768 1137 946 1205 vasculum
973 1138 1063 1206 unde
1088 1138 1121 1206 id
1147 1161 1282 1208 sumere

278 1246 423 1321 poterat,
438 1237 571 1305 nullum
586 1250 661 1304 erat
677 1248 864 1318 repertum.
887 1237 1015 1305 Eadem
1031 1239 1192 1320 cogitatio
1209 1240 1281 1308 sine

278 1337 383 1408 dubio
412 1336 605 1407 Simmonds
631 1359 769 1419 quoque
795 1348 946 1406 mentem
977 1339 1175 1420 occupabat,
1199 1362 1280 1409 nam

278 1447 460 1523 postquam
476 1438 627 1506 lictorem
644 1459 795 1505 arceram
812 1459 983 1506 accersere
994 1439 1148 1520 iusserat,
1159 1461 1201 1507 ex
1212 1462 1282 1508 am·

278 1540 353 1609 bitu
370 1539 404 1606 in
419 1539 580 1607 conclave
595 1537 729 1617 redivit,
744 1537 895 1605 adhibita
911 1542 973 1605 sua
987 1539 1101 1606 facula
1115 1540 1281 1620 electrica‚

278 1661 415 1709 omnem
431 1638 620 1720 opaciorem
636 1638 806 1705 conclaiis
820 1639 987 1719 angulum
1017 1639 1191 1720 explorare
1217 1663 1282 1709 coe·

278 1741 339 1824 pit
353 1739 506 1820 Godfrey
519 1738 639 1807 eadem
654 1759 692 1806 re
707 1759 742 1805 se
758 1738 956 1819 occupabat,
971 1740 1064 1808 nullo
1079 1748 1195 1808 tamen
1211 1742 1282 1810 fru-

278 1851 347 1909 ctu.
364 1839 453 1908 Tum
470 1838 622 1919 Godfrey
637 1859 779 1906 manum
796 1838 945 1906 sauciam
960 1839 1185 1909 minutissima
1199 1844 1282 1910 cura

279 1939 486 2023 inspiciebat,
502 1938 585 2006 dum
610 1939 820 2019 Goldberger
846 1938 919 2006 haec
947 1939 1065 2007 videns
1091 1940 1148 2008 vix
1173 1941 1282 2010 celare

277 2049 411 2124 poterat
429 2061 533 2121 quam
549 2039 767 2121 impatienter
790 2061 862 2107 rem
886 2040 1005 2119 ferret,
1020 2063 1059 2108 ac
1075 2040 1213 2109 tandem
1238 2041 1280 2109 ad

278 2142 415 2210 ianuam
432 2141 581 2209 accessit.

362 2241 457 2322 “Ego
472 2261 555 2308 vero
569 2241 638 2308 iam
655 2239 851 2307 abeundum
868 2261 941 2306 esse
956 2240 1108 2320 censeo,’'
1135 2240 1232 2308 fatur
1247 2241 1282 2309 il·

279 2343 319 2411 le.
341 2342 408 2409 “nt
423 2363 488 2422 ego
502 2362 668 2423 perquam
683 2340 783 2421 cupio
798 2339 892 2418 scire,
908 2339 954 2407 mi
970 2339 1060 2407 Here
1084 2340 1281 2421 Mortuarie,

278 2441 359 2524 quid
375 2441 526 2510 medicus
542 2449 625 2508 tuus
640 2448 839 2521 reperturus
854 2440 928 2507 sit.”

361 2541 442 2609 “ille
458 2561 629 2608 venenum
646 2539 792 2620 reperiet
808 2539 879 2607 sine
896 2539 1031 2618 dubi0‚’'
1046 2539 1166 2607 asserit
1182 2539 1281 2607 Gold-

279 2640 401 2722 berger
416 2640 508 2708 omni
522 2639 737 2707 certitudine.

364 2739 543 2807 “Fortasse
559 2738 739 2821 reperiet,'’
754 2738 907 2806 concedit
923 2738 1085 2820 Godfrey.
1119 2738 1207 2806 “Res
1221 2739 1281 2806 mi·

278 2861 326 2908 rae
340 2840 404 2908 hoc
418 2839 453 2907 in
467 2838 595 2906 mundo
611 2838 784 2906 eveniunt.
818 2839 938 2906 Erisne
953 2839 1043 2906 domi
1060 2846 1131 2907 tuae
1146 2837 1209 2906 hac
1226 2861 1281 2906 ve

278 2961 385 3021 spera,
403 2939 564 3007 Lester?''

362 3038 436 3107 “Ita
452 3039 580 3120 spero‚’'
597 3038 763 3119 respondi.

362 3138 547 3220 “Usquene
562 3139 597 3206 in
614 3138 795 3206 Marathon
812 3138 988 3208 habitas?”

361 3238 500 3321 “Usque
516 3238 560 3306 ibi
576 3238 703 3318 habito,
718 3238 942 3307 contubernio
954 3239 1239 3320 quartodecimo.''

361 3339 431 3406 “Te
448 3339 560 3406 visum
577 3338 723 3405 fortasse
740 3338 950 3418 decurram‚”
966 3339 1087 3420 inquit,
1111 3348 1145 3406 et
1173 3361 1281 3420 pauca

279 3449 353 3521 post
369 3447 543 3507 momenta
558 3438 753 3507 audivimus
768 3440 916 3507 sonitum
933 3439 1009 3507 ostii
1036 3462 1056 3507 a
1080 3439 1199 3519 Parks‚
1222 3439 1278 3520 qui

278 3561 355 3607 eum
371 3539 541 3617 emiserat,
557 3539 671 3605 clausi.

361 3638 533 3718 “Godfrey
551 3638 604 3704 vir
619 3637 728 3705 bonus
744 3639 826 3718 est,”
840 3648 954 3707 monet
967 3640 1185 3722 Goldberger,
1203 3637 1280 3706 “sed

279 3760 345 3807 non
362 3760 483 3820 pamm
502 3739 664 3819 poeticus.
689 3739 831 3806 Nullum
855 3749 906 3807 est
930 3741 1038 3808 scelus
1062 3741 1095 3808 in
1119 3762 1188 3822 quo
1210 3739 1281 3821 ipse

278 3859 345 3906 non
361 3839 523 3920 mysteria
539 3839 691 3919 rimetur,
709 3860 816 3920 quum
831 3849 947 3907 tamen
969 3839 1110 3907 crimina
1135 3839 1217 3907 nihil
1233 3838 1282 3906 ni·

278 3937 396 4007 siacta
410 3939 567 4007 bellualia
583 3939 658 4006 sint.
691 3939 752 4007 Vel
773 3938 864 4008 hunc
891 3940 968 4008 licet
992 3962 1107 4007 casum
1133 3949 1281 4008 contem·

279 4038 387 4118 pieria.
404 4037 507 4106 Vides
522 4038 692 4106 hominem
708 4061 780 4107 sese
796 4039 972 4119 occidisse;
1004 4039 1155 4121 Godfrey
1182 4039 1279 4107 nobis
