<?xml version="1.0" encoding="UTF-8"?>
<!DOCTYPE html PUBLIC "-//W3C//DTD XHTML 1.0 Transitional//EN"
    "http://www.w3.org/TR/xhtml1/DTD/xhtml1-transitional.dtd">
<html xmlns="http://www.w3.org/1999/xhtml" xml:lang="en" lang="en">
 <head>
  <title>
</title>
<meta http-equiv="Content-Type" content="text/html;charset=utf-8" />
  <meta name='ocr-system' content='tesseract 3.04.00' />
  <meta name='ocr-capabilities' content='ocr_page ocr_carea ocr_par ocr_line ocrx_word'/>
</head>
<body>
  <div class='ocr_page' id='page_1' title='image "./mysteriumarcbou00stevgoog/mysteriumarcbou00stevgoog_0217.png"; bbox 0 0 3150 5468; ppageno 0'>
   <div class='ocr_carea' id='block_1_1' title="bbox 714 1247 1264 1319">
    <p class='ocr_par' dir='ltr' id='par_1_1' title="bbox 714 1247 1264 1319">
     <span class='ocr_line' id='line_1_1' title="bbox 714 1247 1264 1319; baseline 0 -1"><span class='ocrx_word' id='word_1_1' title='bbox 714 1265 811 1319; x_wconf 85' lang='lat' dir='ltr'>uons</span> <span class='ocrx_word' id='word_1_2' title='bbox 1201 1247 1264 1318; x_wconf 87' lang='lat'>205</span> 
     </span>
    </p>
   </div>
   <div class='ocr_carea' id='block_1_2' title="bbox 266 1431 1280 4614">
    <p class='ocr_par' dir='ltr' id='par_1_2' title="bbox 267 1431 1267 1614">
     <span class='ocr_line' id='line_1_2' title="bbox 347 1431 1267 1515; baseline -0.002 -13"><span class='ocrx_word' id='word_1_3' title='bbox 347 1433 537 1502; x_wconf 87' lang='lat' dir='ltr'>Simmonds</span> <span class='ocrx_word' id='word_1_4' title='bbox 551 1455 570 1502; x_wconf 91' lang='lat' dir='ltr'>e</span> <span class='ocrx_word' id='word_1_5' title='bbox 586 1434 718 1501; x_wconf 89' lang='lat' dir='ltr'>sacculo</span> <span class='ocrx_word' id='word_1_6' title='bbox 733 1432 932 1515; x_wconf 78' lang='lat' dir='ltr'>forcipillam</span> <span class='ocrx_word' id='word_1_7' title='bbox 955 1431 1174 1514; x_wconf 80' lang='lat' dir='ltr'>gracillimam</span> <span class='ocrx_word' id='word_1_8' title='bbox 1191 1453 1267 1515; x_wconf 92' lang='lat' dir='ltr'>pro·</span> 
     </span>
     <span class='ocr_line' id='line_1_3' title="bbox 267 1533 650 1614; baseline -0.003 -13"><span class='ocrx_word' id='word_1_9' title='bbox 267 1533 359 1601; x_wconf 91' lang='lat' dir='ltr'>ducit</span> <span class='ocrx_word' id='word_1_10' title='bbox 377 1555 520 1614; x_wconf 87' lang='lat' dir='ltr'>eamque</span> <span class='ocrx_word' id='word_1_11' title='bbox 537 1533 650 1601; x_wconf 84' lang='lat' dir='ltr'>tradit.</span> 
     </span>
    </p>

    <p class='ocr_par' dir='ltr' id='par_1_3' title="bbox 266 1631 1268 2013">
     <span class='ocr_line' id='line_1_4' title="bbox 354 1631 1268 1714; baseline 0 -14"><span class='ocrx_word' id='word_1_12' title='bbox 354 1633 491 1700; x_wconf 81' lang='lat' dir='ltr'>Interim</span> <span class='ocrx_word' id='word_1_13' title='bbox 509 1633 659 1714; x_wconf 84' lang='lat' dir='ltr'>Godlrey</span> <span class='ocrx_word' id='word_1_14' title='bbox 675 1633 708 1700; x_wconf 94' lang='lat' dir='ltr'>in</span> <span class='ocrx_word' id='word_1_15' title='bbox 725 1633 841 1701; x_wconf 82' lang='lat' dir='ltr'>Platea</span> <span class='ocrx_word' id='word_1_16' title='bbox 863 1633 1039 1714; x_wconf 81' lang='lat' dir='ltr'>dispectat,</span> <span class='ocrx_word' id='word_1_17' title='bbox 1054 1631 1112 1700; x_wconf 88' lang='lat' dir='ltr'>sed</span> <span class='ocrx_word' id='word_1_18' title='bbox 1128 1654 1169 1699; x_wconf 89' lang='lat' dir='ltr'>eo</span> <span class='ocrx_word' id='word_1_19' title='bbox 1184 1639 1268 1700; x_wconf 90' lang='lat' dir='ltr'>tem·</span> 
     </span>
     <span class='ocr_line' id='line_1_5' title="bbox 267 1731 1268 1814; baseline 0 -15"><span class='ocrx_word' id='word_1_20' title='bbox 267 1755 347 1814; x_wconf 91' lang='lat' dir='ltr'>pore</span> <span class='ocrx_word' id='word_1_21' title='bbox 362 1754 461 1799; x_wconf 88' lang='lat' dir='ltr'>nemo</span> <span class='ocrx_word' id='word_1_22' title='bbox 476 1742 654 1814; x_wconf 90' lang='lat' dir='ltr'>suspectus</span> <span class='ocrx_word' id='word_1_23' title='bbox 671 1732 775 1800; x_wconf 92' lang='lat' dir='ltr'>oculis</span> <span class='ocrx_word' id='word_1_24' title='bbox 789 1732 1044 1812; x_wconf 87' lang='lat' dir='ltr'>obversabatur,</span> <span class='ocrx_word' id='word_1_25' title='bbox 1067 1731 1184 1800; x_wconf 90' lang='lat' dir='ltr'>inserit</span> <span class='ocrx_word' id='word_1_26' title='bbox 1208 1731 1268 1812; x_wconf 84' lang='lat' dir='ltr'>igi·</span> 
     </span>
     <span class='ocr_line' id='line_1_6' title="bbox 267 1831 1267 1913; baseline -0.002 -13"><span class='ocrx_word' id='word_1_27' title='bbox 267 1841 325 1900; x_wconf 91' lang='lat' dir='ltr'>tur</span> <span class='ocrx_word' id='word_1_28' title='bbox 350 1832 507 1900; x_wconf 81' lang='lat' dir='ltr'><strong>foramini</strong></span> <span class='ocrx_word' id='word_1_29' title='bbox 539 1831 747 1913; x_wconf 80' lang='lat' dir='ltr'>forcipillam,</span> <span class='ocrx_word' id='word_1_30' title='bbox 777 1854 871 1899; x_wconf 89' lang='lat' dir='ltr'>oram</span> <span class='ocrx_word' id='word_1_31' title='bbox 901 1831 1006 1900; x_wconf 91' lang='lat' dir='ltr'>clavis</span> <span class='ocrx_word' id='word_1_32' title='bbox 1034 1831 1267 1913; x_wconf 82' lang='lat' dir='ltr'>apprehendit,</span> 
     </span>
     <span class='ocr_line' id='line_1_7' title="bbox 266 1931 588 2013; baseline -0.003 -13"><span class='ocrx_word' id='word_1_33' title='bbox 266 1932 458 2013; x_wconf 80' lang='lat' dir='ltr'>sensimque</span> <span class='ocrx_word' id='word_1_34' title='bbox 475 1931 588 2000; x_wconf 88' lang='lat' dir='ltr'>vertit.</span> 
     </span>
    </p>

    <p class='ocr_par' dir='ltr' id='par_1_4' title="bbox 266 2030 1269 2401">
     <span class='ocr_line' id='line_1_8' title="bbox 352 2030 1267 2113; baseline 0.001 -15"><span class='ocrx_word' id='word_1_35' title='bbox 352 2031 424 2099; x_wconf 83' lang='lat' dir='ltr'>“Sic</span> <span class='ocrx_word' id='word_1_36' title='bbox 437 2031 464 2098; x_wconf 87' lang='lat'>!”</span> <span class='ocrx_word' id='word_1_37' title='bbox 480 2030 570 2112; x_wconf 85' lang='lat' dir='ltr'>quod</span> <span class='ocrx_word' id='word_1_38' title='bbox 587 2030 645 2099; x_wconf 94' lang='lat' dir='ltr'>ubi</span> <span class='ocrx_word' id='word_1_39' title='bbox 662 2031 755 2111; x_wconf 80' lang='lat' dir='ltr'>dixit,</span> <span class='ocrx_word' id='word_1_40' title='bbox 767 2031 904 2099; x_wconf 89' lang='lat' dir='ltr'>ianuam</span> <span class='ocrx_word' id='word_1_41' title='bbox 916 2030 1015 2099; x_wconf 89' lang='lat' dir='ltr'>simul</span> <span class='ocrx_word' id='word_1_42' title='bbox 1027 2039 1126 2099; x_wconf 89' lang='lat' dir='ltr'>caute</span> <span class='ocrx_word' id='word_1_43' title='bbox 1139 2030 1267 2113; x_wconf 85' lang='lat' dir='ltr'>pandit,</span> 
     </span>
     <span class='ocr_line' id='line_1_9' title="bbox 269 2131 1269 2211; baseline 0.001 -12"><span class='ocrx_word' id='word_1_44' title='bbox 269 2141 303 2200; x_wconf 88' lang='lat' dir='ltr'>et</span> <span class='ocrx_word' id='word_1_45' title='bbox 329 2133 450 2199; x_wconf 83' lang='lat' dir='ltr'>furtim</span> <span class='ocrx_word' id='word_1_46' title='bbox 477 2131 590 2198; x_wconf 89' lang='lat' dir='ltr'>intrat.</span> <span class='ocrx_word' id='word_1_47' title='bbox 614 2131 686 2211; x_wconf 81' lang='lat' dir='ltr'>Ego</span> <span class='ocrx_word' id='word_1_48' title='bbox 709 2153 787 2198; x_wconf 91' lang='lat' dir='ltr'>eum</span> <span class='ocrx_word' id='word_1_49' title='bbox 811 2139 949 2199; x_wconf 90' lang='lat' dir='ltr'>secutus</span> <span class='ocrx_word' id='word_1_50' title='bbox 975 2153 1061 2211; x_wconf 89' lang='lat' dir='ltr'>sum,</span> <span class='ocrx_word' id='word_1_51' title='bbox 1077 2131 1269 2200; x_wconf 87' lang='lat' dir='ltr'>Simmonds</span> 
     </span>
     <span class='ocr_line' id='line_1_10' title="bbox 266 2230 1265 2313; baseline 0 -13"><span class='ocrx_word' id='word_1_52' title='bbox 266 2240 382 2301; x_wconf 85' lang='lat' dir='ltr'>autem</span> <span class='ocrx_word' id='word_1_53' title='bbox 397 2253 459 2299; x_wconf 90' lang='lat' dir='ltr'>ceu</span> <span class='ocrx_word' id='word_1_54' title='bbox 476 2230 596 2298; x_wconf 91' lang='lat' dir='ltr'>umbra</span> <span class='ocrx_word' id='word_1_55' title='bbox 623 2238 697 2312; x_wconf 89' lang='lat' dir='ltr'>post</span> <span class='ocrx_word' id='word_1_56' title='bbox 719 2252 773 2299; x_wconf 91' lang='lat' dir='ltr'>me</span> <span class='ocrx_word' id='word_1_57' title='bbox 796 2231 901 2311; x_wconf 90' lang='lat' dir='ltr'>venit,</span> <span class='ocrx_word' id='word_1_58' title='bbox 917 2231 1122 2313; x_wconf 85' lang='lat' dir='ltr'>ianuamque</span> <span class='ocrx_word' id='word_1_59' title='bbox 1138 2239 1214 2313; x_wconf 93' lang='lat' dir='ltr'>post</span> <span class='ocrx_word' id='word_1_60' title='bbox 1230 2253 1265 2300; x_wconf 87' lang='lat' dir='ltr'>se</span> 
     </span>
     <span class='ocr_line' id='line_1_11' title="bbox 268 2331 399 2401; baseline -0.023 0"><span class='ocrx_word' id='word_1_61' title='bbox 268 2331 399 2401; x_wconf 90' lang='lat' dir='ltr'>clausit.</span> 
     </span>
    </p>

    <p class='ocr_par' dir='ltr' id='par_1_5' title="bbox 268 2429 1269 2712">
     <span class='ocr_line' id='line_1_12' title="bbox 350 2429 1268 2513; baseline -0.001 -14"><span class='ocrx_word' id='word_1_62' title='bbox 350 2431 382 2499; x_wconf 95' lang='lat' dir='ltr'>N</span> <span class='ocrx_word' id='word_1_63' title='bbox 386 2452 451 2498; x_wconf 94' lang='lat' dir='ltr'>unc</span> <span class='ocrx_word' id='word_1_64' title='bbox 468 2451 585 2498; x_wconf 91' lang='lat' dir='ltr'>omnes</span> <span class='ocrx_word' id='word_1_65' title='bbox 599 2430 825 2511; x_wconf 90' lang='lat' dir='ltr'>substitimus,</span> <span class='ocrx_word' id='word_1_66' title='bbox 841 2430 899 2499; x_wconf 90' lang='lat' dir='ltr'>sed</span> <span class='ocrx_word' id='word_1_67' title='bbox 925 2453 990 2513; x_wconf 81' lang='lat' dir='ltr'>ego</span> <span class='ocrx_word' id='word_1_68' title='bbox 1014 2431 1132 2500; x_wconf 87' lang='lat' dir='ltr'>saltem</span> <span class='ocrx_word' id='word_1_69' title='bbox 1155 2452 1213 2499; x_wconf 93' lang='lat' dir='ltr'>cor</span> <span class='ocrx_word' id='word_1_70' title='bbox 1234 2429 1268 2498; x_wconf 94' lang='lat' dir='ltr'>in</span> 
     </span>
     <span class='ocr_line' id='line_1_13' title="bbox 268 2530 1269 2611; baseline -0.002 -11"><span class='ocrx_word' id='word_1_71' title='bbox 268 2532 424 2600; x_wconf 82' lang='lat' dir='ltr'>faucibus</span> <span class='ocrx_word' id='word_1_72' title='bbox 440 2531 624 2598; x_wconf 86' lang='lat' dir='ltr'>baerescere</span> <span class='ocrx_word' id='word_1_73' title='bbox 640 2531 738 2611; x_wconf 91' lang='lat' dir='ltr'>sensi,</span> <span class='ocrx_word' id='word_1_74' title='bbox 754 2553 832 2598; x_wconf 88' lang='lat' dir='ltr'>nam</span> <span class='ocrx_word' id='word_1_75' title='bbox 848 2531 1003 2600; x_wconf 84' lang='lat' dir='ltr'>alicunde</span> <span class='ocrx_word' id='word_1_76' title='bbox 1018 2554 1036 2599; x_wconf 92' lang='lat' dir='ltr'>e</span> <span class='ocrx_word' id='word_1_77' title='bbox 1053 2530 1186 2599; x_wconf 87' lang='lat' dir='ltr'>sublimi</span> <span class='ocrx_word' id='word_1_78' title='bbox 1202 2552 1269 2599; x_wconf 83' lang='lat' dir='ltr'>vox</span> 
     </span>
     <span class='ocr_line' id='line_1_14' title="bbox 268 2630 1171 2712; baseline 0 -13"><span class='ocrx_word' id='word_1_79' title='bbox 268 2632 411 2699; x_wconf 89' lang='lat' dir='ltr'>bominis</span> <span class='ocrx_word' id='word_1_80' title='bbox 425 2631 537 2698; x_wconf 89' lang='lat' dir='ltr'>animo</span> <span class='ocrx_word' id='word_1_81' title='bbox 553 2630 719 2698; x_wconf 91' lang='lat' dir='ltr'>concitato</span> <span class='ocrx_word' id='word_1_82' title='bbox 734 2631 902 2712; x_wconf 85' lang='lat' dir='ltr'>loquentis</span> <span class='ocrx_word' id='word_1_83' title='bbox 917 2631 1171 2700; x_wconf 84' lang='lat' dir='ltr'>exaudiebatur.</span> 
     </span>
    </p>

    <p class='ocr_par' dir='ltr' id='par_1_6' title="bbox 270 2730 1275 3498">
     <span class='ocr_line' id='line_1_15' title="bbox 353 2730 1272 2813; baseline 0.002 -16"><span class='ocrx_word' id='word_1_84' title='bbox 353 2731 464 2797; x_wconf 84' lang='lat' dir='ltr'>Etiam</span> <span class='ocrx_word' id='word_1_85' title='bbox 490 2731 523 2798; x_wconf 92' lang='lat' dir='ltr'>in</span> <span class='ocrx_word' id='word_1_86' title='bbox 550 2730 737 2811; x_wconf 90' lang='lat' dir='ltr'>semiopaco</span> <span class='ocrx_word' id='word_1_87' title='bbox 761 2731 843 2798; x_wconf 89' lang='lat' dir='ltr'>satis</span> <span class='ocrx_word' id='word_1_88' title='bbox 868 2731 983 2799; x_wconf 87' lang='lat' dir='ltr'>videre</span> <span class='ocrx_word' id='word_1_89' title='bbox 1009 2740 1160 2813; x_wconf 88' lang='lat' dir='ltr'>poteram</span> <span class='ocrx_word' id='word_1_90' title='bbox 1177 2752 1272 2813; x_wconf 90' lang='lat' dir='ltr'>aspe-</span> 
     </span>
     <span class='ocr_line' id='line_1_16' title="bbox 270 2830 1271 2912; baseline -0.001 -12"><span class='ocrx_word' id='word_1_91' title='bbox 270 2840 363 2900; x_wconf 93' lang='lat' dir='ltr'>ctum</span> <span class='ocrx_word' id='word_1_92' title='bbox 380 2830 413 2896; x_wconf 92' lang='lat' dir='ltr'>in</span> <span class='ocrx_word' id='word_1_93' title='bbox 440 2831 538 2897; x_wconf 80' lang='lat' dir='ltr'>vultu</span> <span class='ocrx_word' id='word_1_94' title='bbox 568 2830 717 2911; x_wconf 84' lang='lat' dir='ltr'>Godlrey</span> <span class='ocrx_word' id='word_1_95' title='bbox 743 2839 936 2912; x_wconf 88' lang='lat' dir='ltr'>stupentem</span> <span class='ocrx_word' id='word_1_96' title='bbox 960 2839 994 2899; x_wconf 90' lang='lat' dir='ltr'>et</span> <span class='ocrx_word' id='word_1_97' title='bbox 1018 2831 1204 2911; x_wconf 86' lang='lat' dir='ltr'>turbatum,</span> <span class='ocrx_word' id='word_1_98' title='bbox 1231 2839 1271 2899; x_wconf 90' lang='lat' dir='ltr'>ut</span> 
     </span>
     <span class='ocr_line' id='line_1_17' title="bbox 272 2930 1272 3013; baseline 0.002 -16"><span class='ocrx_word' id='word_1_99' title='bbox 272 2953 331 3012; x_wconf 81' lang='lat' dir='ltr'>pro</span> <span class='ocrx_word' id='word_1_100' title='bbox 346 2939 517 2997; x_wconf 89' lang='lat' dir='ltr'>momento</span> <span class='ocrx_word' id='word_1_101' title='bbox 542 2930 719 2997; x_wconf 90' lang='lat' dir='ltr'>immobilis</span> <span class='ocrx_word' id='word_1_102' title='bbox 741 2931 852 2998; x_wconf 89' lang='lat' dir='ltr'>stabat</span> <span class='ocrx_word' id='word_1_103' title='bbox 877 2953 1062 3013; x_wconf 85' lang='lat' dir='ltr'>vocemque</span> <span class='ocrx_word' id='word_1_104' title='bbox 1087 2953 1161 2999; x_wconf 93' lang='lat' dir='ltr'>eam</span> <span class='ocrx_word' id='word_1_105' title='bbox 1186 2930 1272 2999; x_wconf 86' lang='lat' dir='ltr'>exci-</span> 
     </span>
     <span class='ocr_line' id='line_1_18' title="bbox 272 3030 1272 3113; baseline 0 -15"><span class='ocrx_word' id='word_1_106' title='bbox 272 3031 394 3113; x_wconf 89' lang='lat' dir='ltr'>piebat.</span> <span class='ocrx_word' id='word_1_107' title='bbox 419 3030 491 3108; x_wconf 69' lang='lat' dir='ltr'>Erro</span> <span class='ocrx_word' id='word_1_108' title='bbox 506 3052 642 3112; x_wconf 84' lang='lat' dir='ltr'>quoque</span> <span class='ocrx_word' id='word_1_109' title='bbox 658 3031 798 3098; x_wconf 91' lang='lat' dir='ltr'>auribus</span> <span class='ocrx_word' id='word_1_110' title='bbox 814 3031 953 3099; x_wconf 91' lang='lat' dir='ltr'>intentis</span> <span class='ocrx_word' id='word_1_111' title='bbox 968 3032 1056 3112; x_wconf 91' lang='lat' dir='ltr'>steti,</span> <span class='ocrx_word' id='word_1_112' title='bbox 1080 3031 1137 3099; x_wconf 90' lang='lat' dir='ltr'>scd</span> <span class='ocrx_word' id='word_1_113' title='bbox 1165 3054 1207 3100; x_wconf 85' lang='lat' dir='ltr'>ex</span> <span class='ocrx_word' id='word_1_114' title='bbox 1231 3031 1272 3099; x_wconf 89' lang='lat' dir='ltr'>iis</span> 
     </span>
     <span class='ocr_line' id='line_1_19' title="bbox 272 3130 1272 3213; baseline 0.002 -15"><span class='ocrx_word' id='word_1_115' title='bbox 272 3153 350 3212; x_wconf 83' lang='lat' dir='ltr'>quae</span> <span class='ocrx_word' id='word_1_116' title='bbox 365 3130 565 3197; x_wconf 84' lang='lat' dir='ltr'>dicebantur</span> <span class='ocrx_word' id='word_1_117' title='bbox 577 3152 714 3211; x_wconf 93' lang='lat' dir='ltr'>prorsus</span> <span class='ocrx_word' id='word_1_118' title='bbox 724 3131 804 3198; x_wconf 92' lang='lat' dir='ltr'>nihil</span> <span class='ocrx_word' id='word_1_119' title='bbox 815 3153 933 3212; x_wconf 84' lang='lat' dir='ltr'>capere</span> <span class='ocrx_word' id='word_1_120' title='bbox 946 3140 1115 3213; x_wconf 89' lang='lat' dir='ltr'>poteram;</span> <span class='ocrx_word' id='word_1_121' title='bbox 1131 3154 1169 3200; x_wconf 91' lang='lat' dir='ltr'>ac</span> <span class='ocrx_word' id='word_1_122' title='bbox 1182 3153 1272 3200; x_wconf 94' lang='lat' dir='ltr'>nunc</span> 
     </span>
     <span class='ocr_line' id='line_1_20' title="bbox 274 3229 1274 3311; baseline 0.003 -15"><span class='ocrx_word' id='word_1_123' title='bbox 274 3231 412 3297; x_wconf 85' lang='lat' dir='ltr'>demum</span> <span class='ocrx_word' id='word_1_124' title='bbox 429 3229 681 3311; x_wconf 88' lang='lat' dir='ltr'>deprehendere</span> <span class='ocrx_word' id='word_1_125' title='bbox 696 3231 782 3311; x_wconf 79' lang='lat' dir='ltr'>coepi</span> <span class='ocrx_word' id='word_1_126' title='bbox 798 3253 988 3299; x_wconf 89' lang='lat' dir='ltr'>sermonem</span> <span class='ocrx_word' id='word_1_127' title='bbox 1005 3231 1203 3300; x_wconf 89' lang='lat' dir='ltr'>Francicum</span> <span class='ocrx_word' id='word_1_128' title='bbox 1225 3252 1274 3299; x_wconf 91' lang='lat' dir='ltr'>es·</span> 
     </span>
     <span class='ocr_line' id='line_1_21' title="bbox 273 3330 1275 3412; baseline 0 -14"><span class='ocrx_word' id='word_1_129' title='bbox 273 3353 318 3398; x_wconf 89' lang='lat' dir='ltr'>se.</span> <span class='ocrx_word' id='word_1_130' title='bbox 342 3331 501 3397; x_wconf 84' lang='lat' dir='ltr'>Attamen</span> <span class='ocrx_word' id='word_1_131' title='bbox 519 3352 586 3397; x_wconf 77' lang='lat' dir='ltr'>vor</span> <span class='ocrx_word' id='word_1_132' title='bbox 602 3351 667 3397; x_wconf 89' lang='lat' dir='ltr'>non</span> <span class='ocrx_word' id='word_1_133' title='bbox 685 3330 753 3398; x_wconf 85' lang='lat' dir='ltr'>fuit</span> <span class='ocrx_word' id='word_1_134' title='bbox 769 3331 919 3399; x_wconf 86' lang='lat' dir='ltr'>Armand</span> <span class='ocrx_word' id='word_1_135' title='bbox 935 3367 975 3376; x_wconf 97' lang='lat'>—</span> <span class='ocrx_word' id='word_1_136' title='bbox 991 3331 1023 3400; x_wconf 95' lang='lat' dir='ltr'>id</span> <span class='ocrx_word' id='word_1_137' title='bbox 1038 3331 1120 3399; x_wconf 92' lang='lat' dir='ltr'>mihi</span> <span class='ocrx_word' id='word_1_138' title='bbox 1137 3352 1275 3412; x_wconf 90' lang='lat' dir='ltr'>prorsus</span> 
     </span>
     <span class='ocr_line' id='line_1_22' title="bbox 275 3438 506 3498; baseline -0.009 0"><span class='ocrx_word' id='word_1_139' title='bbox 275 3439 406 3498; x_wconf 80' lang='lat' dir='ltr'>certum</span> <span class='ocrx_word' id='word_1_140' title='bbox 424 3438 506 3497; x_wconf 91' lang='lat' dir='ltr'>crat.</span> 
     </span>
    </p>

    <p class='ocr_par' dir='ltr' id='par_1_7' title="bbox 274 3530 1278 4412">
     <span class='ocr_line' id='line_1_23' title="bbox 359 3530 1276 3614; baseline 0.002 -16"><span class='ocrx_word' id='word_1_141' title='bbox 359 3532 447 3598; x_wconf 74' lang='lat' dir='ltr'>Ante</span> <span class='ocrx_word' id='word_1_142' title='bbox 465 3552 525 3598; x_wconf 93' lang='lat' dir='ltr'>nos</span> <span class='ocrx_word' id='word_1_143' title='bbox 540 3530 669 3610; x_wconf 75' lang='lat' dir='ltr'>gradus</span> <span class='ocrx_word' id='word_1_144' title='bbox 683 3531 820 3612; x_wconf 82' lang='lat' dir='ltr'>angusti</span> <span class='ocrx_word' id='word_1_145' title='bbox 836 3531 1009 3614; x_wconf 88' lang='lat' dir='ltr'>patebant,</span> <span class='ocrx_word' id='word_1_146' title='bbox 1026 3532 1083 3613; x_wconf 84' lang='lat' dir='ltr'>qui</span> <span class='ocrx_word' id='word_1_147' title='bbox 1106 3531 1148 3599; x_wconf 92' lang='lat' dir='ltr'>ad</span> <span class='ocrx_word' id='word_1_148' title='bbox 1172 3532 1276 3600; x_wconf 89' lang='lat' dir='ltr'>conti·</span> 
     </span>
     <span class='ocr_line' id='line_1_24' title="bbox 275 3630 1277 3712; baseline 0.001 -14"><span class='ocrx_word' id='word_1_149' title='bbox 275 3631 469 3709; x_wconf 68' lang='lat' dir='ltr'>mationem</span> <span class='ocrx_word' id='word_1_150' title='bbox 488 3630 673 3712; x_wconf 87' lang='lat' dir='ltr'>proximam</span> <span class='ocrx_word' id='word_1_151' title='bbox 689 3630 868 3699; x_wconf 89' lang='lat' dir='ltr'>ducebant.</span> <span class='ocrx_word' id='word_1_152' title='bbox 883 3631 961 3698; x_wconf 91' lang='lat' dir='ltr'>Post</span> <span class='ocrx_word' id='word_1_153' title='bbox 974 3640 1200 3699; x_wconf 89' lang='lat' dir='ltr'>memoratum</span> <span class='ocrx_word' id='word_1_154' title='bbox 1216 3631 1277 3699; x_wconf 93' lang='lat' dir='ltr'>du·</span> 
     </span>
     <span class='ocr_line' id='line_1_25' title="bbox 277 3730 1277 3812; baseline 0.002 -14"><span class='ocrx_word' id='word_1_155' title='bbox 277 3732 448 3799; x_wconf 84' lang='lat' dir='ltr'>bitationis</span> <span class='ocrx_word' id='word_1_156' title='bbox 464 3730 680 3797; x_wconf 84' lang='lat' dir='ltr'>intervallum</span> <span class='ocrx_word' id='word_1_157' title='bbox 697 3730 847 3812; x_wconf 85' lang='lat' dir='ltr'>Godfrey</span> <span class='ocrx_word' id='word_1_158' title='bbox 864 3733 897 3798; x_wconf 95' lang='lat' dir='ltr'>in</span> <span class='ocrx_word' id='word_1_159' title='bbox 914 3731 1029 3798; x_wconf 85' lang='lat' dir='ltr'>infimo</span> <span class='ocrx_word' id='word_1_160' title='bbox 1051 3731 1161 3811; x_wconf 78' lang='lat' dir='ltr'>gradu</span> <span class='ocrx_word' id='word_1_161' title='bbox 1185 3731 1277 3800; x_wconf 73' lang='lat' dir='ltr'>dese</span> 
     </span>
     <span class='ocr_line' id='line_1_26' title="bbox 276 3830 1277 3909; baseline 0.001 -11"><span class='ocrx_word' id='word_1_162' title='bbox 276 3831 335 3908; x_wconf 88' lang='lat' dir='ltr'>dit,</span> <span class='ocrx_word' id='word_1_163' title='bbox 351 3831 479 3898; x_wconf 89' lang='lat' dir='ltr'>calceos</span> <span class='ocrx_word' id='word_1_164' title='bbox 494 3830 599 3909; x_wconf 83' lang='lat' dir='ltr'>exuit,</span> <span class='ocrx_word' id='word_1_165' title='bbox 615 3840 649 3897; x_wconf 92' lang='lat' dir='ltr'>et</span> <span class='ocrx_word' id='word_1_166' title='bbox 666 3852 727 3897; x_wconf 94' lang='lat' dir='ltr'>nos</span> <span class='ocrx_word' id='word_1_167' title='bbox 743 3831 831 3897; x_wconf 89' lang='lat' dir='ltr'>idem</span> <span class='ocrx_word' id='word_1_168' title='bbox 843 3832 955 3898; x_wconf 85' lang='lat' dir='ltr'>facere</span> <span class='ocrx_word' id='word_1_169' title='bbox 971 3831 1277 3899; x_wconf 90' lang='lat' dir='ltr'>iussit.Simm0nds</span> 
     </span>
     <span class='ocr_line' id='line_1_27' title="bbox 275 3930 1276 4010; baseline 0.001 -12"><span class='ocrx_word' id='word_1_170' title='bbox 275 3941 315 3998; x_wconf 95' lang='lat' dir='ltr'>ut</span> <span class='ocrx_word' id='word_1_171' title='bbox 341 3941 539 3997; x_wconf 87' lang='lat' dir='ltr'>automaton</span> <span class='ocrx_word' id='word_1_172' title='bbox 567 3930 688 4010; x_wconf 90' lang='lat' dir='ltr'>paruit,</span> <span class='ocrx_word' id='word_1_173' title='bbox 713 3930 771 3997; x_wconf 91' lang='lat' dir='ltr'>sed</span> <span class='ocrx_word' id='word_1_174' title='bbox 797 3952 881 3998; x_wconf 85' lang='lat' dir='ltr'>meae</span> <span class='ocrx_word' id='word_1_175' title='bbox 903 3952 1025 3998; x_wconf 90' lang='lat' dir='ltr'>manus</span> <span class='ocrx_word' id='word_1_176' title='bbox 1048 3939 1117 3998; x_wconf 90' lang='lat' dir='ltr'>tam</span> <span class='ocrx_word' id='word_1_177' title='bbox 1133 3952 1276 3999; x_wconf 87' lang='lat' dir='ltr'>nervose</span> 
     </span>
     <span class='ocr_line' id='line_1_28' title="bbox 274 4029 1277 4111; baseline -0.001 -12"><span class='ocrx_word' id='word_1_178' title='bbox 274 4031 477 4110; x_wconf 86' lang='lat' dir='ltr'>tremebant,</span> <span class='ocrx_word' id='word_1_179' title='bbox 495 4040 533 4098; x_wconf 95' lang='lat' dir='ltr'>ut</span> <span class='ocrx_word' id='word_1_180' title='bbox 549 4029 694 4097; x_wconf 82' lang='lat' dir='ltr'>formido</span> <span class='ocrx_word' id='word_1_181' title='bbox 710 4052 764 4097; x_wconf 93' lang='lat' dir='ltr'>me</span> <span class='ocrx_word' id='word_1_182' title='bbox 780 4038 924 4111; x_wconf 90' lang='lat' dir='ltr'>caperet,</span> <span class='ocrx_word' id='word_1_183' title='bbox 941 4052 983 4098; x_wconf 89' lang='lat' dir='ltr'>ne</span> <span class='ocrx_word' id='word_1_184' title='bbox 997 4031 1129 4098; x_wconf 88' lang='lat' dir='ltr'>calceus</span> <span class='ocrx_word' id='word_1_185' title='bbox 1145 4031 1277 4099; x_wconf 86' lang='lat' dir='ltr'>mihiex</span> 
     </span>
     <span class='ocr_line' id='line_1_29' title="bbox 277 4130 1278 4212; baseline 0 -13"><span class='ocrx_word' id='word_1_186' title='bbox 277 4153 345 4199; x_wconf 86' lang='lat' dir='ltr'>una</span> <span class='ocrx_word' id='word_1_187' title='bbox 361 4153 463 4197; x_wconf 93' lang='lat' dir='ltr'>manu</span> <span class='ocrx_word' id='word_1_188' title='bbox 480 4130 666 4208; x_wconf 85' lang='lat' dir='ltr'>excideret;</span> <span class='ocrx_word' id='word_1_189' title='bbox 689 4130 747 4197; x_wconf 88' lang='lat' dir='ltr'>sed</span> <span class='ocrx_word' id='word_1_190' title='bbox 765 4139 878 4197; x_wconf 89' lang='lat' dir='ltr'>tamen</span> <span class='ocrx_word' id='word_1_191' title='bbox 896 4131 977 4198; x_wconf 91' lang='lat' dir='ltr'>satis</span> <span class='ocrx_word' id='word_1_192' title='bbox 992 4152 1150 4212; x_wconf 91' lang='lat' dir='ltr'>prospero</span> <span class='ocrx_word' id='word_1_193' title='bbox 1177 4152 1278 4199; x_wconf 87' lang='lat' dir='ltr'>even·</span> 
     </span>
     <span class='ocr_line' id='line_1_30' title="bbox 279 4229 1278 4312; baseline 0 -14"><span class='ocrx_word' id='word_1_194' title='bbox 279 4240 315 4298; x_wconf 90' lang='lat' dir='ltr'>tu</span> <span class='ocrx_word' id='word_1_195' title='bbox 334 4253 404 4298; x_wconf 92' lang='lat' dir='ltr'>rem</span> <span class='ocrx_word' id='word_1_196' title='bbox 421 4230 518 4310; x_wconf 74' lang='lat' dir='ltr'>gessi,</span> <span class='ocrx_word' id='word_1_197' title='bbox 534 4238 724 4310; x_wconf 81' lang='lat' dir='ltr'>exutosque</span> <span class='ocrx_word' id='word_1_198' title='bbox 745 4229 874 4311; x_wconf 81' lang='lat' dir='ltr'>absque</span> <span class='ocrx_word' id='word_1_199' title='bbox 899 4231 1043 4312; x_wconf 91' lang='lat' dir='ltr'>strepitu</span> <span class='ocrx_word' id='word_1_200' title='bbox 1067 4231 1100 4298; x_wconf 92' lang='lat' dir='ltr'>in</span> <span class='ocrx_word' id='word_1_201' title='bbox 1125 4230 1278 4299; x_wconf 87' lang='lat' dir='ltr'>tabulato</span> 
     </span>
     <span class='ocr_line' id='line_1_31' title="bbox 278 4329 931 4412; baseline 0.002 -16"><span class='ocrx_word' id='word_1_202' title='bbox 278 4352 380 4412; x_wconf 93' lang='lat' dir='ltr'>prope</span> <span class='ocrx_word' id='word_1_203' title='bbox 397 4331 502 4397; x_wconf 88' lang='lat' dir='ltr'>imum</span> <span class='ocrx_word' id='word_1_204' title='bbox 518 4329 664 4409; x_wconf 77' lang='lat' dir='ltr'>gradum</span> <span class='ocrx_word' id='word_1_205' title='bbox 680 4331 823 4411; x_wconf 91' lang='lat' dir='ltr'>scposui.</span> <span class='ocrx_word' id='word_1_206' title='bbox 927 4380 931 4390; x_wconf 89' lang='lat'>.</span> 
     </span>
    </p>

    <p class='ocr_par' dir='ltr' id='par_1_8' title="bbox 278 4429 1280 4614">
     <span class='ocr_line' id='line_1_32' title="bbox 360 4429 1278 4512; baseline 0.004 -16"><span class='ocrx_word' id='word_1_207' title='bbox 360 4432 474 4508; x_wconf 91' lang='lat' dir='ltr'>Quum</span> <span class='ocrx_word' id='word_1_208' title='bbox 496 4429 641 4511; x_wconf 88' lang='lat' dir='ltr'>denique</span> <span class='ocrx_word' id='word_1_209' title='bbox 664 4430 848 4510; x_wconf 77' lang='lat' dir='ltr'>angoribus</span> <span class='ocrx_word' id='word_1_210' title='bbox 872 4431 1039 4498; x_wconf 89' lang='lat' dir='ltr'>allevatus</span> <span class='ocrx_word' id='word_1_211' title='bbox 1059 4438 1163 4512; x_wconf 87' lang='lat' dir='ltr'>caput</span> <span class='ocrx_word' id='word_1_212' title='bbox 1184 4452 1278 4500; x_wconf 87' lang='lat' dir='ltr'>erex-</span> 
     </span>
     <span class='ocr_line' id='line_1_33' title="bbox 278 4529 1280 4614; baseline 0.003 -16"><span class='ocrx_word' id='word_1_213' title='bbox 278 4553 383 4611; x_wconf 88' lang='lat' dir='ltr'>eram,</span> <span class='ocrx_word' id='word_1_214' title='bbox 398 4529 548 4612; x_wconf 83' lang='lat' dir='ltr'>Godfrey</span> <span class='ocrx_word' id='word_1_215' title='bbox 563 4540 598 4598; x_wconf 89' lang='lat' dir='ltr'>et</span> <span class='ocrx_word' id='word_1_216' title='bbox 614 4530 803 4600; x_wconf 91' lang='lat' dir='ltr'>Simmonds</span> <span class='ocrx_word' id='word_1_217' title='bbox 819 4553 878 4613; x_wconf 87' lang='lat' dir='ltr'>per</span> <span class='ocrx_word' id='word_1_218' title='bbox 892 4531 1030 4614; x_wconf 80' lang='lat' dir='ltr'>gradus,</span> <span class='ocrx_word' id='word_1_219' title='bbox 1041 4531 1184 4614; x_wconf 84' lang='lat' dir='ltr'>quisque</span> <span class='ocrx_word' id='word_1_220' title='bbox 1199 4532 1280 4601; x_wconf 88' lang='lat' dir='ltr'>sclo-</span> 
     </span>
    </p>
   </div>
   <div class='ocr_carea' id='block_1_3' title="bbox 0 0 1603 5468">
    <p class='ocr_par' dir='ltr' id='par_1_9' title="bbox 0 0 1603 5468">
     <span class='ocr_line' id='line_1_34' title="bbox 0 0 1603 5468; baseline 0 0"><span class='ocrx_word' id='word_1_221' title='bbox 0 0 1603 5468; x_wconf 95' lang='lat' dir='ltr'> </span> 
     </span>
    </p>
   </div>
  </div>
 </body>
</html>
