3150 5468
478 1303 596 1359 nunus
617 1302 774 1357 nunno
794 1301 990 1357 courmr
1177 1284 1239 1358 175

323 1472 438 1542 Herus
452 1472 595 1555 Morgan
611 1478 684 1540 toto
698 1471 799 1540 vultu
814 1470 914 1540 valde
929 1469 1078 1540 erubuit.

323 1571 471 1642 “Siccine
480 1572 517 1642 ?'’
539 1572 672 1641 clamat.
694 1570 768 1640 “Va
789 1606 829 1616 -
851 1593 987 1651 eccum;
1008 1570 1103 1641 fame
1123 1571 1240 1642 audivi

240 1693 321 1743 eum
335 1673 428 1743 haud
443 1694 565 1756 parurn
579 1671 808 1741 insanivisse.”

324 1788 417 1859 “Irno
431 1810 514 1859 vero
529 1810 628 1872 aeque
643 1810 764 1858 sanum
779 1809 859 1857 eum
874 1787 1018 1870 cognovi
1033 1809 1138 1870 quarn
1153 1810 1241 1858 mor·

240 1888 359 1959 talium
381 1888 521 1970 ullum‚”
542 1887 672 1958 aridule
694 1887 859 1971 respondi.
897 1887 1009 1956 Huius
1033 1886 1139 1956 verba
1159 1887 1241 1957 mihi

238 1989 272 2058 in
298 1988 451 2058 animum
475 1995 681 2058 revocarunt
702 1987 806 2058 dubia
821 2009 900 2071 quae
924 1986 1004 2055 milri
1031 2009 1072 2056 eo
1095 1987 1150 2056 die
1171 2009 1241 2071 quo

241 2088 388 2157 vantine
403 2109 516 2157 arcam
531 2088 638 2158 Boule
654 2087 791 2171 palpare
802 2093 960 2170 coeperat,
970 2086 1241 2157 suboriebantur.

241 2186 353 2257 Dubia
367 2194 484 2257 tamen
499 2187 572 2257 haec
588 2187 759 2257 reticenda
773 2186 928 2256 iudicavi.

324 2303 432 2374 “Hem
442 2304 667 2374 -enimvero
682 2304 735 2373 his
749 2303 791 2374 de
807 2304 909 2373 rebus
923 2303 1006 2373 alias
1020 2303 1242 2374 videbimus!”

245 2404 342 2475 fatur
356 2404 522 2475 salutator
536 2426 634 2473 meus
648 2403 913 2473 minitabundus.

325 2520 413 2591 “Fac
429 2543 567 2605 prorsus
581 2521 630 2591 ita
644 2520 814 2602 statueris,
841 2520 931 2589 Here
947 2520 1121 2604 Morganl’
1137 2543 1156 2590 e
1171 2543 1244 2591 cor·

244 2621 286 2691 de
302 2621 468 2705 respondi.
491 2621 545 2691 “Si
561 2621 631 2691 ulla
646 2620 707 2690 tibi
722 2620 826 2690 dubia
840 2620 1007 2702 intersint,
1023 2621 1185 2704 indagare
1200 2643 1244 2692 ne

243 2721 470 2791 intermiseris.
494 2722 594 2791 Nunc
610 2729 736 2802 autern,
752 2720 912 2802 quoniam
925 2720 1093 2802 permulta
1108 2721 1245 2804 negotia

243 2843 298 2890 me
313 2829 449 2904 urgent,
465 2821 617 2904 ignosces
632 2821 723 2902 mihi,
739 2820 841 2890 etiarn
858 2820 1027 2890 maturius
1049 2821 1148 2890 hodie
1172 2821 1244 2891 offi-

244 2921 335 2990 cium
350 2920 577 2991 claudemus.”

327 3037 482 3120 Denique
497 3037 531 3106 in
548 3038 650 3120 pedes
664 3038 822 3119 surrexit,
834 3037 969 3106 tractim
979 3037 1072 3106 foras
1086 3038 1166 3119 ivit;
1182 3061 1244 3109 nec

243 3160 397 3221 unquam
412 3137 558 3220 amplius
572 3137 653 3206 mihi
670 3138 734 3207 sub
749 3137 863 3206 oculos
878 3137 982 3206 venit.
1008 3138 1055 3207 Ut
1070 3161 1134 3220 ego
1150 3146 1245 3222 puto,

244 3237 509 3320 legumpcritum
525 3237 718 3320 quempiam
734 3237 827 3318 adiit,
843 3237 886 3305 ab
901 3259 942 3305 eo
957 3236 1097 3306 edoctus
1111 3239 1180 3307 fuit
1190 3261 1244 3308 ca·

244 3358 321 3407 sum
337 3358 438 3407 suurn
454 3337 547 3406 nulla
562 3358 621 3419 spe
636 3337 708 3418 niti,
724 3337 831 3418 etsie,
847 3337 950 3406 rebus
964 3337 1108 3418 iniectis,
1120 3343 1244 3408 tractu¹

244 3571 396 3630 observare.
408 3571 504 3623 furtim
518 3571 617 3630 videre.
630 3569 763 3636 speculari
786 3570 850 3636 quid
863 3570 963 3636 uliquis
976 3577 1048 3635 eget,
1062 3576 1111 3622 eut
1123 3586 1187 3622 vero
1200 3571 1247 3623 eli·

243 3670 324 3719 quern
337 3655 452 3706 subinde
465 3654 553 3706 visum
568 3661 597 3706 et
609 3654 643 3706 ed
663 3653 871 3720 colloquendum
891 3653 973 3705 edire.
991 3653 1064 3706 Setis
1081 3659 1174 3718 aptum
1190 3670 1247 3719 pro

245 3737 334 3803 posito
348 3744 441 3789 nostro
455 3738 626 3790 vocobulum.

347 3839 369 3889 l.
390 3835 525 3898 meua,
541 3837 599 3898 -eie,
615 3837 686 3902 quod
708 3837 834 3896 trahitur,
855 3837 925 3903 quod
947 3853 975 3889 se
993 3837 1087 3896 trahit,
1101 3837 1196 3889 eodem
1210 3839 1248 3890 ie·

247 3936 275 3973 re
288 3936 369 3972 seusu
382 3919 452 3986 epud
467 3921 601 3972 Romanos
613 3936 666 3987 quo
677 3920 748 3985 apud
760 3936 817 3972 nos.
834 3927 934 3972 nostrae
946 3920 1020 3971 enirn
1032 3920 1167 3980 ferroviae,
1177 3937 1250 3973 com·

247 4003 390 4070 pluresque
402 4003 471 4055 cerri
486 4003 602 4055 velutin
617 4009 742 4055 cetenem
768 4003 887 4067 copulati
906 4002 976 4054 nihii
994 4003 1068 4054 aliud
1086 4009 1151 4055 eunt
1167 4020 1249 4069 quern

248 4103 336 4139 novus
350 4087 452 4146 modus,
467 4087 526 4138 ioco
538 4087 653 4153 antiqui,
665 4102 748 4138 onera
766 4085 907 4147 vectandi:
924 4092 952 4138 et
970 4086 1081 4151 perinde
1098 4093 1180 4152 etque
1197 4088 1251 4140 An·

248 4171 319 4235 giice
333 4186 418 4237 usque
431 4170 534 4222 utimur
546 4170 678 4223 vocabulo
692 4168 781 4222 cooob
793 4170 826 4222 ed
840 4169 1010 4222 denotandos
1026 4185 1117 4221 carros
1139 4186 1250 4223 munere

247 4250 336 4305 oooob
349 4253 507 4319 iungentes,
520 4253 559 4305 sic
571 4259 599 4305 et
611 4269 662 4319 eqo
680 4253 792 4305 redhibui
810 4253 924 4318 entique
941 4252 1074 4304 vocabule
1095 4253 1194 4305 Latine
1216 4255 1250 4307 ed

248 4336 447 4402 &edmundum
461 4336 605 4402 entiquurn
619 4353 694 4402 opus,
709 4337 774 4389 licet
788 4352 859 4388 novo
873 4335 952 4388 modo
966 4336 1104 4388 effectum.
1121 4337 1210 4401 Atque
1227 4338 1250 4390 ei

250 4420 316 4472 mibi
329 4420 432 4485 sumpsi
446 4436 494 4485 pro
507 4416 673 4471 locomoiive
683 4435 783 4471 novum
797 4419 942 4484 procudere
952 4418 1112 4471 vocabulum
1122 4419 1251 4473 Latinum

249 4501 384 4562 ciete-rem.
398 4503 503 4555 monito
515 4519 574 4555 eum
588 4509 698 4554 tentum
717 4502 823 4555 Horatii
841 4502 986 4554 obsecutus
1004 4501 1127 4562 dicentis,
1145 4502 1252 4557 “Licuit

250 4600 408 4653 semperque
421 4585 514 4640 licebit
527 4612 561 4622 -
574 4613 605 4624 -
617 4585 763 4653 procudere
775 4585 900 4639 nornen.''
