3150 5468
303 1252 366 1323 196
564 1267 772 1321 urmamun
793 1266 900 1319 mom
921 1260 1040 1320 soum

385 1436 549 1505 Fomlum
564 1435 690 1505 iterum
704 1435 839 1518 repulit,
855 1443 991 1519 etopus
1016 1436 1189 1505 musivum
1213 1435 1303 1505 circa

303 1536 551 1619 speculabatur.

387 1635 482 1719 “Ego
497 1644 532 1706 et
548 1636 677 1706 amicus
692 1658 805 1705 arcam
827 1636 975 1705 maxima
989 1639 1072 1705 curri
1085 1637 1305 1719 pertractavi·

301 1758 389 1819 mus,
405 1759 467 1807 nec
482 1738 634 1806 forulum
649 1737 867 1819 reperimus,”
891 1757 970 1805 eum
986 1736 1095 1806 docui.

399 1835 518 1907 “Tuus
544 1837 729 1906 amicus-
750 1843 841 1906 recte
865 1837 892 1905 si
915 1836 1063 1919 memini,
1087 1859 1211 1907 nomen
1232 1837 1306 1908 eius

303 1937 575 2009 memoravisti?”

388 2035 461 2107 “Sic
477 2045 562 2120 puto
580 2073 614 2082 -
632 2059 755 2106 nomen
771 2036 801 2105 ei
817 2044 870 2106 est
885 2036 1067 2120 Godirey.”

392 2135 633 2221 “iurisperitus
647 2145 688 2207 ut
702 2145 742 2206 tu
751 2137 788 2206 ?”

388 2253 701 2338 “Haudquaquam
732 2254 937 2323 diumarius¹
962 2262 1023 2323 est.
1053 2255 1166 2324 Antea
1191 2262 1306 2325 tamen

303 2354 495 2425 membrum
520 2355 590 2424 fuit
619 2355 767 2424 cohortis
797 2354 1037 2436 speculatoriae.
1076 2356 1151 2437 lpse
1180 2363 1306 2438 praeter

303 2455 443 2524 modum
458 2456 568 2525 alacer
583 2462 645 2537 est,
659 2463 700 2524 ut
727 2455 754 2524 si
778 2455 959 2537 quisquam
983 2455 1136 2524 fomlum
1159 2457 1307 2539 reperire

303 2555 468 2636 debuerit,
484 2577 564 2624 eum
578 2555 671 2624 hunc
685 2555 792 2624 fuisse
807 2554 1034 2623 necessarium
1045 2555 1230 2625 videretur.
1242 2556 1307 2626 Hae

303 2661 420 2724 tamen
436 2655 570 2724 technae
584 2676 664 2724 eum
681 2655 888 2724 eluserunt.”

388 2771 470 2840 Post
484 2771 557 2841 haec
572 2771 676 2842 herus
702 2771 853 2841 Annand
879 2771 1031 2840 torulum
1057 2793 1136 2840 cum
1161 2772 1307 2855 strepitu

306 2871 457 2941 retrusit.

389 2987 539 3058 “Tamen
554 2989 706 3058 forulum
733 2995 906 3071 repertum
929 2989 1033 3070 esse,’'
1058 2989 1181 3071 inquit,
1202 2988 1307 3060 “mihi

304 3095 504 3170 pergratum
520 3096 581 3157 est.
604 3089 690 3157 Nolo
715 3096 759 3170 te,
785 3088 874 3157 Here
898 3089 1028 3169 Lester,
1052 3088 1211 3171 ignarum
1233 3111 1307 3161 esse

303 3188 392 3258 hanc
407 3210 479 3258 rem
495 3211 583 3258 arcae
597 3190 746 3258 valorem
761 3189 920 3270 augerc.”

388 3303 667 3386 “Quantumnam
697 3305 787 3374 valet
797 3305 833 3374 ?”
869 3327 986 3387 quaero
1016 3305 1059 3374 ab
1089 3328 1139 3375 eo.
1173 3304 1310 3378 “Herus

304 3405 453 3475 Vantine
468 3427 523 3473 me
538 3427 614 3473 eam
630 3427 691 3487 pro
705 3428 741 3474 se
756 3427 868 3474 emere
884 3405 991 3486 iussit,
1008 3413 1112 3488 atque
1128 3428 1308 3491 summam,

304 3527 383 3587 quae
397 3505 472 3574 fere
487 3504 588 3574 fidem
603 3504 753 3586 excedat,
777 3506 873 3573 velut
897 3505 1037 3574 limitem
1061 3506 1160 3588 pretii
1182 3529 1310 3578 memo·

306 3605 427 3675 ravit.”

389 3721 573 3804 “Revera'’
589 3722 692 3790 herus
706 3722 857 3791 Annand
875 3722 1057 3805 respondit,
1084 3727 1220 3806 sumpta
1234 3723 1310 3795 brc-

303 3823 337 3892 vi
354 3822 603 3903 deliberatione,
633 3821 712 3890 “vix
736 3823 839 3891 ullam
863 3844 1031 3891 summam
1054 3824 1308 3894 memorandam

303 3930 388 4006 puto
402 3923 508 3992 donec
532 3930 664 4004 patrem
686 3924 869 3990 consulam.
903 3923 992 3990 Arca
1018 3945 1099 3992 sane
1126 3923 1309 4005 singularis

303 4030 356 4093 est
381 4058 423 4067 -
446 4023 590 4092 fortasse
620 4022 772 4091 omnium
799 4044 884 4105 quas
909 4023 1013 4091 herus
1042 4023 1149 4093 Boulc
1178 4024 1310 4095 fecerat

418 4226 442 4277 1.
472 4223 670 4284 Diumdrius,
695 4223 741 4284 ·ii,
771 4224 932 4276 vocabulum
963 4225 1123 4285 Romanum,
1156 4223 1311 4287 iuridicum,

308 4307 424 4361 scribam
439 4307 585 4372 significat,
598 4308 643 4372 qui
657 4313 719 4359 acta
732 4307 814 4359 curia»
832 4308 951 4359 iudicum
969 4307 1091 4373 quotidie
1109 4307 1209 4360 litteris
1222 4307 1310 4361 consi·

303 4407 388 4457 gnare
402 4391 554 4443 consuevit.
567 4391 618 4442 Hic
632 4391 768 4450 relatores,
787 4392 897 4456 perinde
915 4398 996 4456 atque
1011 4392 1209 4456 conscriptores
1228 4407 1311 4444 even·

301 4480 387 4534 tuum,
412 4474 479 4525 item
505 4474 715 4526 concinnatores
728 4475 886 4526 diurnorum
913 4474 1133 4541 (ephemeridum,
1160 4473 1309 4541 periodico·

300 4558 372 4621 rum)
386 4556 534 4626 significat.
