3128 5016
334 733 376 804 64
594 748 802 802 nrsrnmun
824 747 931 801 anon
953 741 1071 801 nomn

420 915 557 987 “Iamne
572 939 640 987 non
656 916 745 987 idem
759 938 851 987 nunc
877 914 1026 985 sentis?”
1061 913 1185 984 acriter
1210 913 1334 997 quaerit

334 1016 460 1099 Grady.

424 1117 576 1200 “Nescio‚
592 1118 638 1187 mi
653 1117 755 1200 Here,
770 1117 852 1201 quid
868 1116 1048 1199 cogitem.”

420 1217 494 1289 “Tu
510 1219 711 1290 asseverasti
727 1217 1031 1289 teeammulierem
1047 1223 1149 1287 antea
1159 1238 1335 1300 nunquam

336 1317 459 1388 vidisse
465 1320 501 1389 ?'’

421 1417 628 1504 “Nunquam
644 1420 745 1490 vidi.’'

421 1516 647 1603 “Unquamne
662 1543 703 1590 ea
715 1520 770 1589 hic
783 1526 885 1589 antea
898 1517 1012 1588 fuit?”

422 1618 531 1703 “Non,
545 1629 714 1704 quantum
730 1642 795 1703 ego
809 1620 922 1689 sciam.
944 1618 1097 1688 Primum
1112 1618 1203 1688 enim
1218 1618 1339 1702 quaesi·

339 1717 390 1787 vit
405 1726 523 1790 utrum
539 1720 642 1791 herus
657 1721 805 1792 Vantine
820 1720 883 1790 hac
898 1719 933 1789 in
947 1719 1048 1789 domo
1063 1718 1263 1789 habitaret'’

422 1819 537 1904 Grady
551 1821 661 1905 capite
675 1821 806 1891 annuit.

423 1918 579 2004 “Optime
592 1923 734 2005 factum,
751 1921 912 2004 Rogers,”
934 1919 1054 2003 inquit
1091 1917 1269 1989 “Proxime
1294 1919 1340 1989 lo

338 2041 418 2090 cum
434 2021 495 2090 tibi
509 2022 544 2090 in
559 2023 697 2093 cohorte
712 2029 829 2091 nostra
854 2021 983 2092 lictoria
1007 2019 1197 2103 assignabo.
1226 2020 1341 2103 Agno-

339 2142 493 2191 sceresne
508 2123 684 2193 mulierem
700 2123 727 2192 si
742 2144 819 2193 eam
833 2122 960 2191 iterum
973 2119 1106 2190 videres
1114 2119 1151 2189 Y'

424 2221 554 2304 Rogers
568 2223 770 2306 respondere
785 2221 974 2292 dubitabat.

424 2320 577 2391 “Nollem
591 2344 653 2406 pro
666 2330 759 2392 certo
773 2322 955 2404 affirmare,
970 2320 1091 2402 Here‚''
1103 2318 1275 2403 respondit
1286 2318 1342 2389 de

341 2420 454 2504 nique.
476 2421 654 2493 “Fortasse
669 2445 813 2506 possem,
828 2423 974 2492 fortasse
988 2420 1091 2491 uon.”

425 2521 562 2592 “Rubra
577 2522 706 2605 labella,
721 2523 827 2592 facies
841 2520 994 2603 candida,
1019 2520 1251 2602 minantesque
1265 2540 1343 2588 ocu·

341 2621 363 2691 li
380 2622 471 2692 baud
487 2629 564 2692 tuta
588 2630 669 2692 sunt
693 2623 816 2693 indicia
839 2621 1045 2706 sequenda,”
1069 2626 1185 2689 monet
1215 2618 1341 2701 Grady.

342 2721 538 2806 “Numquid
553 2725 747 2793 accumtius
761 2745 836 2792 earn
851 2721 1041 2792 describere
1056 2741 1125 2790 non
1140 2717 1300 2803 posses?”

427 2822 575 2893 “Vereor
591 2832 630 2894 ut
646 2824 781 2907 possim,
796 2823 896 2893 Here.
919 2821 1012 2894 Nihil
1027 2820 1094 2891 nisi
1110 2818 1282 2904 generalia
1295 2818 1345 2888 in·

343 2923 452 2994 dicaia
467 2924 509 2994 de
524 2923 738 2994 lineamentis
752 2923 903 2992 mulieris
917 2922 1107 3006 perspicere
1122 2919 1308 3005 poteram.”

427 3024 501 3094 “Tu
516 3025 620 3095 etiam
645 3024 766 3094 fateris
789 3031 824 3093 te
848 3023 913 3093 ista
928 3022 1083 3092 cubicula
1105 3043 1173 3091 non
1194 3019 1346 3101 explora·

344 3126 432 3196 visse
441 3126 478 3195 ?''

428 3228 528 3297 “Non
544 3227 620 3308 feei,
636 3248 703 3296 non
719 3226 810 3296 enim
826 3223 951 3294 intravi
967 3222 1135 3294 ianuam.'’

429 3328 520 3398 “Cur
536 3328 645 3398 non?’'

431 3428 592 3498 “Metui”

430 3527 648 3598 “Metuistil”

430 3628 548 3710 “Sane,
564 3629 610 3698 mi
626 3629 725 3710 Here,
740 3629 928 3699 etiamnum
944 3632 1061 3696 metuo
1075 3623 1130 3694 hic
1144 3623 1247 3694 esse.’'

430 3728 602 3799 “Parksne
618 3729 684 3800 huc
697 3728 838 3799 intravit
849 3728 886 3797 ?”

425 3830 524 3900 “Non
533 3831 625 3911 fecit;
634 3852 713 3900 eum
722 3829 815 3899 haud
822 3829 921 3898 aliter
929 3847 1033 3910 quam
1042 3846 1097 3895 me
1105 3821 1347 3906 sentirenuto.”

431 3930 599 4014 “Quinam
625 3939 701 4000 tum
724 3930 851 3999 scivisti
875 3927 1024 3998 Vantine
1047 3931 1224 3995 mortuum
1248 3921 1348 3993 esse?

348 4034 418 4104 Cur
432 4055 500 4103 non
514 4031 691 4103 tentavisti
706 4031 752 4101 illi
768 4049 965 4101 succurrere
974 4026 1011 4097 l”
