3150 5468
311 1188 378 1258 200
577 1207 786 1262 ursmmuu
808 1207 915 1261 anca
937 1200 1056 1260 noune

312 1374 466 1443 Numero
479 1375 578 1444 bonae
593 1375 744 1444 fortunae
767 1375 898 1444 habebo
914 1375 941 1444 si
957 1374 1039 1443 mibi
1065 1373 1182 1443 datum
1207 1373 1315 1442 fuerit

312 1475 476 1556 quasdam
493 1475 588 1544 urbis
602 1483 728 1545 nostrae
743 1475 1023 1558 pulchritudines
1038 1497 1106 1543 non
1122 1474 1315 1556 quibusque

312 1582 419 1655 notas,
436 1574 496 1643 tibi
511 1575 696 1644 revelare.’'

396 1673 536 1743 “Habeo
551 1675 611 1743 tibi
626 1675 794 1758 insignem
817 1675 995 1757 gratiam,”
1022 1675 1188 1757 respondi,
1212 1673 1318 1742 “invi-

312 1774 451 1844 tationis
465 1775 568 1844 huius
582 1783 674 1844 certe
687 1797 867 1858 nunquam
883 1797 941 1844 ero
955 1775 1142 1844 immemor.
1176 1774 1315 1843 Interim

313 1896 421 1957 quum
437 1881 476 1944 tu
493 1875 556 1956 hic,
573 1876 647 1943 Neo
663 1875 815 1956 Eboraci,
830 1876 875 1944 sis
890 1929 898 1944 .
915 1929 923 1943 .
941 1876 970 1943 .”

397 1973 708 2043 “Humanissimum
725 1983 764 2044 tu
780 1983 815 2044 te
832 1975 913 2044 mibi
937 1974 1100 2056 praebes,'’
1123 1973 1316 2056 interpellat

315 2075 380 2156 ille,
397 2074 452 2143 “et
467 2075 538 2156 ipse
552 2097 617 2154 ego
632 2075 808 2157 sperabam
821 2097 917 2158 posse
930 2097 992 2143 nos
1003 2075 1123 2143 saltem
1135 2096 1205 2142 una
1220 2095 1319 2156 pran-

315 2175 405 2244 dere.
427 2175 474 2242 At
489 2174 571 2242 mihi
587 2174 650 2242 bac
664 2175 736 2256 ipsa
752 2196 895 2257 vespera
906 2175 1018 2244 adbuc
1031 2174 1229 2243 Bostonium
1245 2196 1321 2255 pro·

315 2274 415 2344 ficisci
443 2273 621 2356 oportebit,
648 2274 737 2342 illinc
763 2283 878 2343 autem
904 2297 959 2344 me
981 2275 1118 2357 Quebec
1133 2274 1317 2342 conferam.

315 2376 441 2445 Utrum
457 2375 535 2456 huc,
552 2374 626 2443 Neo
642 2375 843 2456 Eboracum,
870 2397 1029 2444 reversus
1043 2377 1154 2455 fuero,
1170 2374 1318 2443 necdum

315 2475 383 2544 scio
399 2510 440 2519 -
456 2474 547 2557 quod
572 2475 719 2542 multum
746 2474 789 2542 ab
813 2475 925 2543 animo
939 2475 1012 2543 beri
1028 2476 1171 2557 Morgan
1195 2474 1320 2556 pende·

315 2574 383 2655 bit;
399 2575 577 2656 negotium
593 2573 677 2642 adeo
692 2575 815 2643 subtile
825 2583 1021 2657 proxenetae
1036 2574 1128 2643 haud
1143 2573 1320 2642 concrede

318 2697 442 2744 remus.
479 2674 513 2744 Si
543 2674 625 2742 mihi
656 2675 765 2744 redire
791 2675 978 2756 contingat,
1004 2674 1183 2743 certiorem
1209 2681 1244 2742 te
1269 2674 1320 2740 ta·

317 2775 436 2844 cram.’'

402 2873 497 2956 “Age
513 2873 546 2942 id
562 2874 714 2954 feceris,”
730 2875 773 2944 ab
789 2897 829 2943 eo
844 2875 960 2957 petivi.
973 2873 1152 2943 “Maximae
1163 2873 1319 2955 equidem

317 2975 400 3046 mibi
427 2975 492 3044 erit
518 2975 696 3057 voluptati.
730 2976 873 3057 Insuper
897 2996 1004 3056 usque
1028 2996 1125 3057 spero
1148 2973 1320 3056 quandam

317 3076 420 3145 buius
435 3075 587 3156 mysterii
604 3075 806 3143 solutionem
822 3075 882 3143 tibi
899 3075 1107 3143 occurrere.”

401 3174 485 3243 Leni
501 3175 571 3243 risu
587 3174 743 3243 nutabat.

405 3272 535 3342 “Nimis
551 3275 697 3343 arduum
713 3296 799 3356 opus
814 3297 874 3357 pro
889 3273 1028 3356 novitio,
1043 3273 1109 3342 mei
1124 3273 1256 3354 simili,”
1273 3294 1323 3341 re-

322 3373 468 3457 spondit.
491 3372 610 3442 “Vires
624 3396 717 3442 meas
732 3375 854 3457 oppido
871 3382 1019 3456 superat.
1056 3373 1090 3443 Si
1105 3382 1220 3442 tamen
1236 3373 1323 3440 solu·

321 3474 369 3542 tio
395 3473 559 3541 eiusmodi
585 3473 655 3555 fiat,
682 3496 779 3555 spero
805 3483 840 3542 te
862 3474 904 3542 de
928 3494 968 3542 ea
988 3496 1024 3542 re
1039 3495 1094 3542 me
1110 3473 1322 3541 edocturum.

323 3573 499 3641 Mirificam
515 3595 590 3641 eam
606 3573 762 3641 futuram
778 3582 910 3643 certum
926 3574 1009 3642 est.’'

407 3672 480 3741 “Sic
495 3673 650 3754 faciam,'’
676 3673 709 3741 in
735 3695 934 3755 responsum
961 3673 1108 3756 promisi,
1135 3692 1325 3753 manusque

323 3773 450 3841 iterum
467 3773 684 3841 tetendimus.

406 3873 560 3954 Denique
578 3873 674 3955 signo
690 3873 780 3953 dato,
795 3874 873 3942 duae
889 3895 1000 3956 operae
1026 3895 1140 3942 arcam
1156 3873 1326 3953 levarunt,

320 3975 390 4057 ipsc
406 3995 503 4041 suam
519 3995 660 4041 manum
678 3974 712 4041 in
730 3982 964 4042 tutamentum
979 3997 1068 4043 arcae
1091 3973 1264 4056 imposuit,
1286 3979 1327 4040 ut

323 4098 343 4144 e
358 4073 509 4144 conclavi
525 4073 559 4141 in
574 4075 751 4155 ambitum,
768 4074 845 4142 binc
862 4097 922 4156 per
937 4075 1062 4143 ostium
1078 4075 1236 4143 deorsum
1250 4095 1327 4155 gra·

325 4175 390 4244 dus
399 4174 441 4242 ad
451 4174 744 4255 petoritumquod
755 4175 880 4241 tramiti
893 4176 1072 4256 appulsum
1087 4182 1170 4254 erat,
1180 4173 1327 4241 delatam

324 4276 355 4344 ei
371 4275 615 4356 imposuerunt.
639 4273 687 4341 Eo
703 4275 804 4341 allata
820 4296 898 4342 arca
913 4274 1075 4356 singulari
1103 4296 1185 4342 cura
1211 4274 1246 4340 in
1272 4294 1328 4355 pe-

326 4375 467 4443 toritum
483 4371 671 4453 sublevata,
698 4373 811 4455 ibique
838 4374 999 4455 disposita
1020 4381 1082 4455 est,
1097 4374 1166 4442 duo
1181 4381 1256 4441 tum
1271 4372 1328 4440 ba·

326 4475 384 4544 iuli
400 4472 665 4542 conscendentes
680 4496 755 4542 eam
771 4474 944 4556 utrimque
962 4480 1159 4556 tenuerunt,
1182 4473 1329 4556 denique
