3128 5016
673 1815 823 1887 CAPUT
844 1817 875 1888 V

538 2003 660 2085 Gradp
682 2001 836 2085 Operam
860 2005 1012 2087 Confert.

362 2187 452 2270 QVAE
467 2187 589 2258 dehinc
604 2196 703 2272 gesta
718 2188 796 2270 sint,
812 2187 905 2259 haud
920 2190 1009 2259 clare
1025 2190 1173 2260 memini.
1188 2191 1279 2262 Tan·

278 2294 314 2355 to
330 2309 384 2356 me
400 2288 567 2370 stringore
582 2291 746 2360 afflictum
773 2289 871 2371 sensi,
898 2296 939 2358 ut
964 2289 1022 2358 vix
1045 2291 1128 2360 satis
1153 2292 1278 2362 virium

278 2388 433 2469 colligere
448 2411 580 2471 possem
595 2412 664 2472 quo
683 2391 738 2460 vel
749 2389 792 2458 ad
801 2389 917 2459 sellam
929 2390 1212 2473 propinquamme
1229 2415 1280 2463 re

279 2488 381 2570 ferre,
407 2489 521 2572 ibique
546 2491 719 2560 considere
743 2491 903 2572 valerem,
933 2489 993 2559 ubi
1012 2491 1160 2561 sedendo
1174 2494 1281 2563 oculis

279 2590 377 2671 vagis
392 2598 502 2659 atram
530 2613 602 2659 rem
629 2591 663 2659 in
686 2592 838 2673 stragulo
854 2597 1059 2673 prostratam
1075 2594 1280 2676 contempla·

279 2690 349 2758 bar.
367 2691 575 2760 Persuadere
590 2691 673 2760 mihi
688 2691 835 2760 conabar
849 2713 905 2760 me
921 2691 1095 2761 victimam
1119 2715 1192 2762 esse
1216 2695 1281 2764 lar·

279 2812 333 2859 vae
349 2791 524 2861 cuiusdam
539 2800 575 2861 et
589 2792 632 2860 ab
647 2791 814 2861 incubone
829 2791 992 2874 opprimi3
1025 2791 1098 2862 haec
1125 2794 1239 2863 omnia
1260 2817 1281 2864 a

280 2892 423 2974 propriis
437 2894 552 2961 nervis
567 2893 660 2973 meis,
687 2891 857 2961 laboribus
883 2892 1070 2974 perstrictis
1092 2893 1216 2975 induci,
1240 2917 1280 2965 ac

280 2992 376 3060 brevi
391 3015 445 3061 me
461 2993 647 3061 allevatum
670 2992 720 3060 iri.
753 2993 879 3062 Nullus
902 3015 1023 3063 revera
1047 2993 1167 3063 dubito
1196 2996 1279 3076 ouin

280 3093 422 3161 nimium
437 3093 560 3162 laboris
575 3093 793 3175 pertulerim
826 3093 895 3162 otio
911 3116 965 3162 me
980 3115 1081 3175 egere
1097 3115 1137 3163 ac
1152 3116 1281 3164 recrea·

281 3194 390 3272 tione;
413 3201 495 3275 esto,
511 3195 577 3262 iam
593 3193 680 3263 dabo
695 3215 833 3276 operam
850 3247 857 3262 .
875 3247 882 3262 .
900 3247 908 3262 .

365 3296 408 3363 Et
425 3303 537 3364 tamen
555 3317 615 3377 per
629 3317 728 3364 omne
745 3295 777 3364 id
793 3301 931 3377 tempus
945 3295 1028 3363 satis
1041 3295 1189 3365 intellexi
1212 3318 1280 3366 non

282 3398 422 3476 larvam,
438 3419 504 3464 non
521 3397 722 3465 incubonem
750 3418 804 3464 me
830 3417 993 3478 premere,
1021 3395 1079 3463 sed
1106 3404 1280 3477 patentem

281 3500 475 3580 claramque
492 3498 690 3576 veritatem
714 3496 907 3578 Philippum
924 3496 1069 3564 Vantine
1085 3519 1157 3564 esse
1174 3499 1283 3566 extin-

282 3608 376 3668 ctum
403 3635 443 3642 —
469 3622 489 3667 a
516 3598 657 3667 muliere
682 3618 818 3665 caesum.
856 3597 1019 3679 Quisnam
1033 3597 1065 3665 id
1082 3597 1163 3664 mihi
1179 3596 1282 3666 dnit?

283 3700 371 3769 Tum
388 3701 490 3769 etiam
506 3699 642 3768 memini
658 3719 777 3766 vocem
793 3697 1037 3779 singultantem
1054 3751 1061 3764 .
1078 3751 1085 3765 .
1104 3751 1109 3764 .

368 3801 442 3869 Bini
467 3809 527 3869 aut
554 3799 641 3869 temi
668 3798 772 3881 aliqui
799 3798 832 3866 in
857 3799 1015 3866 conclave
1046 3806 1216 3866 venerunt
1241 3833 1278 3843 —

284 3900 391 3971 Parks
406 3910 440 3969 et
456 3901 510 3969 alii
527 3900 657 3980 famuli,
673 3899 707 3968 ni
723 3900 840 3977 fallor;
862 3899 979 3967 audivi
994 3920 1113 3966 vocem
1130 3898 1283 3980 Godfrey

283 4002 444 4072 mandata
459 4002 554 4070 varia
569 4001 743 4080 edentem;
765 3999 911 4082 denique
936 3998 1057 4081 aliquis
1081 3997 1214 4067 sublato
1239 3997 1282 4067 ad

284 4105 371 4176 labia
393 4125 470 4173 mea
493 4103 614 4186 poculo
638 4123 693 4170 me
716 4100 831 4170 bibere
856 4100 963 4170 iussit.
987 4099 1089 4168 Eram
1105 4106 1284 4181 nmquam
