3128 5016
327 745 370 814 88
593 760 803 815 ursammu
824 759 932 814 anca
953 753 1072 814 noma

413 927 563 998 “Verum
588 937 650 999 est.
676 931 764 999 Nola
789 951 858 999 una
888 928 991 998 tinnit
1018 928 1053 997 in
1080 927 1236 998 cubiculo
1256 926 1329 996 heri

330 1029 488 1110 Vantine‚
512 1031 620 1099 altera
644 1031 679 1099 in
706 1053 793 1112 meo,
816 1030 918 1100 tertia
942 1038 1058 1099 autem
1084 1029 1118 1097 in
1145 1028 1282 1098 decuria
1295 1028 1331 1096 li-

329 1130 466 1199 ctoria.’'

414 1230 715 1313 “Operantumel”

414 1330 649 1413 “Operantur;
667 1332 771 1401 herus
785 1332 932 1402 Vantine
948 1330 1018 1413 ipse
1034 1329 1181 1400 tentavit
1195 1329 1258 1397 hac
1274 1351 1331 1397 ve·

330 1453 429 1514 spera
444 1439 523 1500 ante
538 1433 701 1501 coenam.”

414 1531 507 1601 “Cur
519 1554 602 1601 vero
617 1555 685 1601 non
700 1533 842 1602 sonabat
858 1554 966 1615 quum
991 1554 1056 1615 ego
1078 1532 1265 1600 fenestram
1286 1530 1330 1598 le

330 1633 410 1701 vavi
419 1632 456 1700 ?”
472 1654 598 1715 quaero.

414 1733 522 1802 Parks
537 1733 619 1803 risit.

414 1850 522 1933 “Quia
536 1851 787 1921 diverticulum¹
815 1852 977 1933 seiunxi,”
992 1850 1175 1933 respondit,
1201 1848 1330 1932 “quum

330 1952 373 2019 ad
388 1951 580 2020 efferendos
595 1953 725 2021 forulos
740 1953 858 2035 prodii.
881 1952 1128 2021 Diverticulum
1143 1957 1197 2018 est
1213 1951 1248 2017 in
1263 1949 1331 2016 fer-

331 2074 389 2120 rea
410 2052 533 2134 uyxide
548 2052 582 2120 in
599 2075 707 2134 muro,
733 2076 821 2136 pone
843 2053 981 2136 gradus.
1015 2051 1166 2120 Muneris
1190 2049 1257 2118 mei
1279 2057 1331 2116 est

330 2173 496 2221 nexuram
522 2174 658 2235 quaque
684 2175 837 2237 vespera,
862 2161 1047 2236 antequam
1073 2151 1228 2220 cubitum
1243 2171 1330 2229 eam,

330 2254 558 2336 provertere.”

413 2371 592 2440 Allevatus
605 2373 791 2454 susperavi.

414 2470 540 2540 “Estne
556 2493 685 2540 nexura
702 2494 863 2555 proversa
878 2472 1016 2543 nunc?”

414 2570 505 2653 “Est,
522 2594 612 2652 sane,
622 2573 668 2641 mi
679 2573 777 2641 Here.
791 2574 923 2643 Postea
936 2595 1015 2656 quae
1025 2592 1228 2641 narraveras
1238 2568 1330 2639 haud

330 2679 404 2740 erat
419 2673 608 2741 verosimile
624 2673 657 2741 id
671 2674 815 2742 oblitum
830 2695 884 2742 me
900 2674 972 2743 iri.’'

414 2789 561 2858 “Ratum
577 2790 680 2859 etiarn
695 2798 783 2860 esset
800 2799 834 2860 te
849 2793 1012 2872 armare‚'’
1028 2791 1127 2861 suasi.

415 2889 554 2959 “Habeo
569 2912 704 2960 mecum
720 2893 961 2975 sclopellum.'’²

415 2990 583 3073 “Egregie
597 3000 658 3060 est.
681 2992 753 3060 Nec
769 3015 809 3061 eo
825 2993 876 3060 uti
892 2993 1036 3062 dubites.
1073 2992 1175 3061 Nunc
1191 2990 1330 3060 domum

331 3113 387 3160 me
402 3092 577 3160 conferam
594 3093 701 3161 lassus
715 3100 841 3175 praeter
856 3092 1027 3162 modum.”

414 3207 537 3276 “Visne
553 3209 718 3291 pilentum
735 3209 946 3278 meritorium
961 3232 1131 3280 accersam
1140 3210 1177 3279 ?”

414 3309 531 3391 “Noli3
564 3310 751 3380 ambulatio
776 3311 920 3380 salubris
943 3311 1017 3380 erit.
1039 3312 1123 3381 Cras
1148 3319 1181 3380 te
1210 3332 1332 3380 conve·

330 3409 454 3479 niam.”

433 3648 455 3698 1.
464 3646 515 3697 Per
524 3643 731 3697 diverticulum
742 3646 788 3698 hic
801 3646 926 3713 intelligo
938 3647 1058 3700 tabulam
1070 3648 1097 3700 in
1107 3665 1160 3715 qua
1169 3649 1262 3700 claves
1271 3649 1331 3700 fixe

330 3737 394 3782 suut
408 3730 551 3789 electricre,
563 3747 676 3796 quarum
690 3747 740 3796 ope
753 3730 849 3790 fluxus,
863 3731 920 3783 sive
942 3739 1047 3784 meatus
1068 3733 1212 3785 electricus
1229 3733 1332 3784 induci-

330 3821 414 3865 taret
427 3814 461 3865 ad
473 3814 615 3865 arbitrium
630 3814 745 3866 sistitur.

430 3900 454 3949 2.
472 3899 553 3948 Arma
566 3897 702 3950 manualia
714 3898 832 3963 igniaria
844 3905 908 3949 sunt
926 3899 1039 3951 duorum
1052 3915 1195 3965 generum:
1214 3900 1330 3952 alterum

329 3979 500 4047 sclopinum,
526 3982 597 4047 quod
611 3988 652 4032 est
671 3981 765 4041 maius,
783 3980 952 4048 sclopellum
972 3990 1013 4035 est
1031 3984 1155 4041 alterum,
1174 3984 1271 4043 minus,
1289 3999 1332 4035 tu·

330 4065 446 4117 iusmodi
460 4066 487 4117 in
502 4066 586 4117 saccis
600 4072 647 4117 aut
660 4065 768 4131 vaginis
780 4067 910 4119 coriaceis
927 4067 1040 4132 geritur.
