3150 5468
653 2247 805 2320 CAPUT
825 2248 904 2318 XVI

502 2433 665 2516 Philippi
686 2433 840 2503 Vootine
855 2433 1047 2503 Salutotor.

358 2615 544 2700 lhs'roaul,
566 2637 669 2700 quam
694 2615 791 2687 nobis
815 2616 945 2700 Rogers
970 2615 1143 2688 halitando
1166 2615 1277 2700 prodi·

274 2716 335 2799 dit,
350 2715 485 2787 sordida
499 2717 653 2801 profecto
668 2724 753 2798 erat,
768 2737 873 2800 quam
887 2723 1014 2798 tamen,
1035 2717 1196 2800 quoniam
1216 2737 1276 2786 no

274 2824 382 2888 stram
397 2838 470 2887 rem
484 2816 594 2887 obiter
608 2823 745 2886 tantum
759 2816 909 2900 attingit,
921 2838 981 2899 per
991 2837 1126 2886 summa
1140 2823 1276 2886 tantum

274 2916 388 3002 capita
401 2937 550 3000 carpam.

363 3015 502 3088 Octonis
516 3022 578 3087 aut
593 3016 689 3086 denis
701 3023 782 3086 ante
796 3016 895 3087 annis
918 3016 1101 3087 venustula
1130 3015 1216 3087 Iulia
1236 3051 1278 3061 -

278 3123 363 3187 tunc
403 3116 583 3186 dumtaxat
612 3117 685 3200 ipsa
712 3123 804 3186 certe
841 3139 945 3200 quam
977 3138 1069 3187 nunc
1103 3116 1280 3187 venustior

276 3216 365 3288 tuit!
387 3252 427 3262 —
449 3239 485 3286 se
499 3216 542 3286 ad
557 3216 722 3286 familiam
747 3216 940 3300 quamdam,
966 3238 1045 3301 quae
1070 3217 1177 3286 vitam
1205 3217 1277 3286 sine

275 3317 395 3389 ancilla
409 3317 570 3387 Francica
585 3316 644 3386 vix
659 3316 871 3387 tolerandam
893 3316 955 3386 sibi
979 3324 1205 3400 persuaserat,
1225 3317 1277 3386 fa·

275 3415 422 3488 mulatui
446 3423 664 3488 auctoratum
694 3417 769 3487 Neo
792 3416 983 3487 Eboracum
1005 3417 1110 3486 venit.
1146 3417 1277 3500 Rogers

276 3539 353 3588 eam
367 3525 584 3600 convenerat,
604 3517 745 3600 eiusque
770 3517 881 3588 ocellis
896 3516 979 3586 atris
999 3515 1195 3601 labellisque
1220 3537 1279 3587 ru·

275 3616 346 3688 bris
357 3623 488 3702 captus,
503 3617 829 3701 eamdeperibatac,
840 3623 1020 3700 postremo,
1044 3616 1277 3686 eaminhono

276 3717 409 3789 rificum
418 3717 627 3788 connubium
636 3716 970 3801 postulavit-haud
981 3716 1179 3798 necessario,
1191 3737 1277 3800 prae·

276 3824 330 3888 ter
344 3817 506 3889 dubium!
528 3854 569 3863 -
582 3824 617 3886 et
642 3817 676 3886 in
703 3817 864 3887 maritum
889 3823 1058 3900 acceptus,
1079 3823 1120 3886 ut
1134 3815 1277 3886 maritus

275 3917 378 3989 huius
391 3917 521 3999 sirenis,
536 3940 615 3987 cum
630 3939 670 3987 ea
686 3917 791 3986 vitam
806 3915 901 4000 degit
922 3938 983 4000 per
1008 3917 1123 4000 plures
1143 3937 1277 3986 menses

275 4025 464 4090 eventuum
479 4018 623 4102 plenam.
646 4017 801 4101 Quodam
827 4016 975 4100 denique
990 4015 1045 4086 die
1060 4015 1186 4100 reperit
1200 4038 1277 4088 eam

276 4117 464 4202 aufugisse.

360 4218 446 4302 Ipse,
462 4225 503 4289 ut
517 4219 591 4288 fere
606 4217 656 4300 fit,
681 4239 778 4287 suam
803 4216 835 4287 ei
859 4206 1113 4286 concrediderat
1141 4237 1278 4286 omnem

275 4318 454 4404 pecuniam
468 4325 720 4401 compareatam
735 4353 776 4364 -
791 4339 861 4387 una
875 4317 966 4387 enim
984 4316 1057 4387 haec
1072 4315 1142 4386 fuit
1165 4315 1277 4387 condi·

274 4419 408 4490 tionum
421 4417 598 4489 connubii!
620 4425 872 4502 comparcatum
894 4438 1031 4500 quoque
1055 4416 1207 4487 evanuit.
1223 4417 1278 4487 Iu·

275 4519 329 4602 lia,
344 4525 385 4590 ut
399 4517 556 4590 credibile
571 4525 633 4602 est,
649 4517 813 4590 desiderio
839 4516 1015 4588 bituminis
1029 4515 1165 4588 viarum
1180 4517 1276 4590 urbis
