3128 5016
280 759 321 828 72
543 773 750 828 msrnmon
771 773 878 826 anem
900 766 1018 827 nomn

277 951 354 1013 tum
370 964 434 1025 ego
450 942 563 1024 sciam,
579 964 680 1011 nemo
695 942 875 1025 quisquam
890 942 980 1011 inter
994 941 1154 1010 mortales
1168 939 1215 1008 illi
1230 938 1281 1008 in·

278 1043 399 1112 iensus
414 1043 514 1111 fuit.”

364 1141 433 1212 “Ut
447 1142 558 1224 credo,
575 1142 647 1224 ipse
663 1163 803 1211 uxorem
819 1163 997 1224 nunquam
1013 1140 1111 1211 duxit
1120 1139 1156 1210 ?''

363 1240 604 1323 “Nunquam”

364 1341 559 1424 “Quantum
590 1341 651 1410 tibi
681 1341 867 1425 cognitum,
890 1341 1003 1411 fuitne
1029 1361 1182 1422 unquam
1203 1361 1283 1409 cum

280 1441 421 1511 muliere
436 1441 629 1524 implicatus
640 1441 677 1510 ?''

365 1541 606 1624 “Nunquam”
622 1541 776 1624 repetivi.
793 1540 963 1611 “Mirabar
976 1540 1160 1611 admodum
1175 1561 1284 1623 quum

281 1642 437 1712 fabulam
453 1641 584 1723 Rogers
599 1641 747 1710 audivi.'’

365 1740 440 1810 “Tu
455 1762 548 1822 ergo,
564 1763 643 1824 quae
657 1741 713 1811 illa
729 1741 852 1812 mulier
866 1741 974 1811 fuerit
983 1763 1027 1810 ne
1039 1740 1203 1824 suspicari
1213 1739 1286 1823 qui-

283 1842 361 1912 dem
376 1848 473 1924 potes
480 1841 517 1910 ?”

366 1940 528 2010 “Utinam
543 1962 686 2023 possem,
702 1943 875 2025 peropto,’'
891 1941 1048 2025 respondi
1063 1963 1082 2010 e
1096 1940 1207 2011 corde.

367 2040 507 2110 “Habeo
522 2041 583 2110 tibi
598 2041 755 2123 gratiam,
772 2042 862 2111 Here
882 2042 1032 2123 Lester,''
1048 2041 1174 2123 quibus
1187 2040 1287 2110 dictis

283 2141 398 2223 Grady
413 2163 449 2210 se
463 2141 507 2210 ad
522 2141 713 2211 Simmonds
727 2143 905 2211 convertit.
930 2141 1149 2225 “Eouidem‚'’
1163 2141 1286 2223 inquit,

283 2241 387 2311 “nihil
417 2241 562 2324 amplius
587 2240 641 2311 hic
667 2241 814 2325 percipio
838 2242 929 2324 quod
956 2263 1058 2324 agere
1087 2241 1286 2324 possimus”

283 2342 374 2411 Tum
389 2341 584 2411 subiunxit:
608 2341 745 2411 “Unum
759 2349 875 2411 tamen
890 2349 952 2421 est,
972 2342 1019 2410 mi
1042 2341 1132 2411 Here
1156 2341 1286 2422 Lester,

285 2441 376 2525 quod
392 2449 427 2510 te
442 2448 602 2523 rogatum
618 2463 691 2510 esse
706 2441 838 2511 vellem.
871 2442 963 2511 Velis
988 2463 1111 2524 nempe
1138 2441 1288 2511 famulos

284 2549 426 2611 cunctos
440 2541 495 2609 hic
511 2562 648 2610 servare
663 2563 772 2623 usque
789 2548 864 2624 post
879 2541 1011 2610 finitam
1023 2541 1285 2623 inquisitionem.

285 2641 319 2711 Si
334 2648 475 2724 putares
488 2640 614 2722 aliquid
629 2640 746 2709 obesse
762 2663 831 2723 quo
846 2640 880 2710 id
894 2641 1008 2710 minus
1022 2642 1136 2710 facere
1161 2663 1287 2724 posses,

285 2741 339 2810 ius
353 2741 474 2823 utique
490 2740 588 2809 nobis
602 2748 654 2808 est
669 2761 728 2809 eos
742 2740 894 2810 detinere
909 2741 970 2785 -”

368 2840 428 2908 “Id
443 2840 581 2908 minime
597 2840 755 2922 expedire
770 2841 885 2922 puto‚''
901 2841 1014 2909 refero
1029 2862 1104 2922 ego.
1137 2839 1287 2911 “Eorum

284 2941 327 3009 ad
354 2940 605 3022 inquisitionem
628 2939 855 3009 sistendorum
881 2941 952 3023 ipse
978 2962 1033 3008 me
1056 2940 1179 3010 vadem
1202 2963 1288 3024 prae

285 3040 415 3110 stabo.’'

368 3138 646 3221 “Inquisitionem
662 3139 831 3222 oportebit
846 3161 901 3209 me
923 3161 1032 3209 unum
1058 3139 1148 3210 diem
1174 3162 1289 3223 proro-

285 3241 400 3324 gare,’'
432 3239 480 3308 ait
496 3239 714 3322 Goldberger.
752 3238 974 3309 “Consultum
990 3239 1117 3309 etenim
1142 3239 1225 3310 duxi
1247 3249 1288 3312 ut

285 3341 410 3409 Doctor
426 3338 707 3421 Freylinghuisen
729 3360 804 3408 cras
819 3339 893 3409 eius
909 3340 956 3409 rei
981 3340 1214 3422 experimenta
1239 3340 1289 3410 in·

284 3439 454 3510 stitueret.
478 3439 649 3508 Praeterea
671 3446 706 3507 et
727 3439 974 3509 ostendendum
1000 3439 1097 3508 nobis
1121 3440 1186 3509 erit
1212 3441 1289 3524 quis

284 3539 454 3608 d'Aurelle
469 3538 586 3619 fuerit,
601 3538 785 3607 bisantem
800 3538 883 3607 viris
898 3561 1025 3609 munus
1053 3540 1288 3621 praestitutum

285 3660 358 3709 esse
375 3638 512 3707 videtur
526 3638 702 3707 mulierem
718 3639 808 3707 illam
824 3638 1012 3721 reperiendi
1029 3639 1090 3683 --'’

368 3737 484 3821 Grady
498 3739 612 3808 oculos
627 3760 707 3807 suos
732 3739 766 3808 in
790 3739 999 3821 Goidberger
1023 3738 1166 3809 coniecit
1191 3741 1289 3810 velut

286 3839 345 3922 qui
372 3838 434 3907 sibi
460 3837 603 3907 nimium
631 3838 761 3920 garrire
787 3838 978 3920 videbatur,
1014 3859 1082 3920 quo
1111 3848 1289 3922 perspecto

288 3938 495 4009 mortuarios
510 3937 666 4020 protinus
679 3937 852 4007 conticuit.
885 3938 966 4007 Post
982 3937 1054 4007 haec
1069 3938 1124 4008 isti
1139 3950 1290 4022 quatuor

289 4060 410 4124 parum
425 4039 459 4107 in
474 4038 574 4108 domo
589 4039 722 4120 morati,
737 4039 827 4108 illinc
842 4038 1078 4109 discessenmt
