3128 5016
582 832 887 887 enmennnrronns
1170 820 1232 887 111

229 1003 353 1087 partim
368 1003 596 1071 miserescens
620 1002 782 1071 Miserum
797 1001 887 1070 enim
903 1008 977 1069 erat
994 1002 1153 1071 futurum
1175 1023 1233 1070 no

118 1195 122 1203 Ι
230 1104 317 1172 visse
334 1111 373 1172 ut
390 1125 451 1171 sua
468 1103 679 1170 theoremata
695 1109 814 1184 utpote
838 1101 1101 1185 pulchritudinis
1122 1103 1232 1183 plena,

230 1226 309 1271 mox
325 1203 359 1271 in
376 1203 518 1271 nihilum
536 1202 699 1283 recidant,
726 1224 832 1284 quum
849 1201 919 1283 ipse
935 1201 977 1268 iis
991 1200 1075 1269 adeo
1090 1201 1234 1269 delecta-

232 1312 342 1372 tusae
359 1303 480 1371 beatus
495 1303 610 1371 fuerit.
628 1303 771 1383 Insuper
786 1324 889 1383 quam
905 1301 1078 1382 egregiam
1094 1323 1134 1369 ea
1150 1323 1234 1383 pra»

233 1404 345 1472 bitura
372 1410 469 1471 erant
486 1401 712 1470 historiolam!
743 1401 875 1469 Obtutu
899 1423 976 1469 meo
999 1401 1105 1469 oculis
1123 1408 1233 1482 capto,

232 1503 425 1571 manutium
441 1502 654 1583 chalybeium
671 1502 705 1569 in
722 1502 893 1570 sacculum
910 1501 1107 1568 recondidit.

316 1637 435 1716 “Hem,
451 1636 532 1718 quid
548 1657 639 1703 nunc
654 1643 706 1703 est
721 1635 769 1702 rei
781 1635 818 1702 ?”
841 1634 965 1716 quaerit
980 1634 1118 1716 placide.

317 1755 355 1822 ln
371 1775 570 1835 responsum
587 1752 728 1833 produxi
757 1753 948 1832 remulcale,
974 1751 1073 1832 eique
1100 1750 1234 1820 tradidi.

233 1854 426 1935 Supereiliis
440 1853 606 1933 caperatis
619 1852 651 1919 id
668 1852 760 1933 legit.

316 1987 461 2054 “Nonne
477 1985 567 2053 istud
585 1992 700 2052 nostra
716 1984 803 2052 bella
819 1984 949 2052 somnia
965 1985 1142 2065 paululum
1169 2008 1233 2055 acu

234 2087 384 2155 terebrat
393 2087 429 2154 ?’'
445 2107 561 2167 quaro
576 2085 714 2153 tandem
730 2107 771 2152 ex
787 2107 837 2152 eo.

317 2203 575 2284 Cogitobundus
589 2202 699 2282 capite
715 2203 848 2271 annuit.

319 2320 392 2388 “Ita
417 2320 606 2402 equidem,'’
632 2326 667 2387 et
694 2320 853 2387 nuntium
876 2319 1000 2387 iterum
1024 2320 1067 2388 ad
1090 2320 1235 2389 verbum

236 2422 327 2503 legit.
345 2421 525 2488 “llelectus
540 2419 692 2487 Armand
707 2419 853 2487 necdum
872 2427 904 2487 te
919 2420 1043 2488 visit?”

319 2552 517 2631 “Necdum;
540 2552 701 2620 nuntium
724 2553 814 2620 enim
842 2574 907 2620 non
925 2553 1034 2620 multo
1049 2560 1129 2621 ante
1145 2553 1237 2622 circi·

237 2666 289 2723 ter
305 2655 423 2722 horam
440 2653 574 2719 tertiam
591 2652 713 2733 accepi.
738 2652 893 2719 Fortasse
908 2674 984 2719 cras
998 2652 1139 2720 aderit.’'

321 2771 463 2837 “Arcam
480 2769 524 2835 illi
541 2768 660 2849 utique
676 2768 809 2835 tradere
825 2767 1006 2836 debebisl’'

320 2904 483 2970 “Prorsus
499 2901 556 2981 ita,
573 2922 635 2968 sua
651 2900 741 2968 enim
757 2908 818 2968 est.
841 2900 967 2969 Saltem
993 2924 1061 2970 non
1088 2904 1237 2974 Vantine

237 3005 319 3073 est.”

321 3135 491 3205 Nuntium
508 3135 540 3202 in
558 3135 772 3203 involucrum
800 3135 961 3216 recondit,
987 3136 1138 3219 mihique
1164 3140 1238 3209 red-

239 3239 297 3307 dit.
314 3239 424 3319 Quam
442 3236 545 3303 luerit
568 3235 680 3302 animo
705 3235 864 3303 turbatus
889 3243 993 3317 atque
1017 3238 1191 3321 confusus,
1218 3262 1238 3310 e

240 3339 362 3407 rubore
379 3337 495 3404 vultus
510 3335 607 3402 facile
624 3335 789 3416 perspexi.

322 3470 457 3538 “Nihilo
473 3467 611 3547 secius‚”
628 3469 724 3535 fatur
739 3469 895 3551 denique,
911 3467 1010 3537 “area
1025 3470 1080 3538 illa
1095 3472 1177 3540 mihi
1189 3482 1238 3544 ta·

239 3595 317 3641 men
332 3570 424 3639 cordi
439 3576 501 3648 est,
518 3568 645 3647 Lester,
661 3576 809 3650 optoque
825 3577 864 3636 ut
880 3591 954 3636 eam
971 3577 1041 3637 tam
1057 3570 1116 3640 diu
1132 3595 1236 3655 quam

240 3673 354 3755 possis
370 3670 531 3738 detineas.
555 3668 627 3747 Ego
644 3669 762 3736 saltem
779 3691 887 3749 usque
911 3690 951 3736 eo
975 3691 1042 3737 non
1069 3670 1237 3758 dederem,

239 3775 344 3842 donec
360 3773 512 3849 alteram,
528 3790 548 3835 a
563 3768 709 3835 Vantine
724 3776 874 3849 emptam
896 3768 950 3836 ille
971 3769 1032 3837 tibi
1057 3772 1237 3844 traderet.'’

323 3906 393 3974 “Ut
406 3904 439 3971 id
455 3909 536 3983 agat
553 3901 672 3982 utique
696 3901 783 3969 dabo
810 3902 978 3983 operam‚”
1004 3905 1109 3973 annui
1136 3910 1238 3989 proti.

240 4030 314 4076 nus.
337 4005 498 4084 “Absque
513 4001 615 4069 dubio
631 4002 664 4069 id
680 4002 808 4084 aliquot
823 4002 936 4083 exiget
952 4001 1024 4070 dies
1044 4039 1085 4048 -
1107 4007 1134 4074 si
1156 4031 1238 4081 vero

240 4128 319 4178 arca
334 4105 481 4174 Vantine
496 4124 605 4184 usque
621 4102 757 4172 Parisiis
772 4103 825 4184 sit,
840 4102 944 4172 etiam
964 4103 1072 4185 plus”
