3150 5468
283 1219 347 1289 294
546 1233 756 1289 ursmmuu
776 1233 885 1288 anon
906 1226 1026 1288 soum

284 1401 453 1472 officinam
477 1409 630 1472 vestram
644 1425 706 1487 per
731 1402 953 1487 telephonum
976 1400 1127 1472 evocavi.
1149 1399 1292 1472 Concin-

283 1511 384 1573 nator
398 1502 609 1573 urbanarum
632 1503 806 1574 nuntiavit
820 1511 856 1574 te
870 1502 1101 1574 Westchester
1123 1522 1198 1572 esse
1212 1501 1292 1572 mis·

284 1603 393 1672 sum.''

367 1701 519 1786 Godirey
535 1703 607 1772 risu
623 1702 808 1787 respondit.

370 1800 494 1885 “Ignes
508 1804 626 1872 fatuos
639 1825 715 1873 sum
741 1803 959 1886 insectatuS‚”
982 1803 1105 1886 inquit,
1128 1800 1291 1873 “auctore

282 1902 467 1985 Crochard,
483 1902 590 1972 amico
605 1910 732 1972 nostro.
748 1903 794 1972 At
809 1924 893 1972 vero
916 1902 1021 1973 etiam
1035 1910 1122 1985 tum,
1137 1901 1202 1972 nisi
1217 1901 1291 1986 qui·

285 2003 342 2072 nis
353 2002 516 2072 milliariis
530 2002 574 2072 ab
585 2003 677 2072 omni
687 2024 793 2086 prope
804 2003 876 2072 loco
886 2002 1084 2074 absentibus
1094 2001 1192 2072 nobis
1200 2001 1291 2084 apsis

286 2110 403 2172 nostra
417 2103 573 2172 foramen
596 2103 789 2186 accepisset,
810 2103 955 2186 tempori
979 2102 1176 2172 adfuissem.
1198 2101 1290 2172 Novi

286 2202 377 2272 enim
393 2203 474 2285 quid
491 2202 646 2273 subesset
662 2239 702 2248 -
717 2209 754 2272 at
768 2203 815 2273 sic
828 2203 904 2272 fata
925 2204 1076 2273 voluere.
1102 2201 1142 2285 0,
1158 2201 1290 2284 Lester,

285 2324 390 2385 quam
404 2303 459 2371 ille
475 2303 572 2373 nobis
586 2303 718 2373 cunctis
732 2325 792 2372 ora
806 2302 967 2374 sublevit!
997 2303 1050 2373 Ita
1071 2302 1233 2373 futurum
1253 2309 1289 2373 te

285 2402 404 2471 monui
415 2401 444 2470 !''

370 2502 508 2571 “Meum
524 2524 607 2585 ergo
621 2503 781 2572 nuntium
796 2524 865 2572 non
878 2502 1037 2586 accepisti
1043 2503 1078 2574 ‘.'”

370 2601 621 2672 “Tradiderunt
634 2603 717 2672 mihi
743 2625 852 2686 quum
877 2603 1089 2674 nuntiassem
1110 2601 1289 2686 negotium

286 2703 517 2773 Westchester
546 2725 676 2773 meram
706 2703 865 2773 fraudem
895 2725 978 2785 esse;
1008 2711 1083 2774 tum
1113 2702 1289 2774 celerrime

286 2825 390 2886 quam
406 2811 561 2886 poteram
577 2803 620 2872 ad
634 2803 807 2873 decuriam
822 2802 1012 2887 properavi,
1026 2803 1085 2873 sed
1098 2803 1167 2873 iam
1182 2802 1290 2874 sero.”

370 2901 531 2985 “Verum,
554 2904 601 2972 mi
625 2903 808 2986 Godfrey,”
834 2903 987 2986 obverto‚
1014 2902 1164 2987 “egone
1187 2902 1289 2973 modo

287 3003 425 3087 quidem
440 3004 605 3086 perspicio
620 3004 909 3087 quemadmodum
923 3004 994 3087 ipse
1008 3003 1082 3074 haec
1096 3004 1289 3087 perfecerit

288 3103 404 3186 Grady
420 3110 455 3172 et
470 3103 661 3173 Simmonds
681 3126 760 3173 cum
786 3105 886 3187 Pigot
913 3106 984 3174 una
1007 3111 1136 3174 terram
1159 3105 1289 3187 petive-

286 3210 378 3284 runt,
394 3225 457 3271 nec
471 3203 515 3272 ab
530 3225 570 3272 eo
585 3204 816 3273 memorabilia
840 3204 936 3274 urbis
957 3204 1107 3274 visentes
1132 3203 1290 3275 discesse-

287 3310 378 3372 runt.
395 3302 690 3385 Quemadmodum
707 3304 877 3374 Crochard
889 3326 925 3374 se
936 3303 1103 3387 ingessit?
1118 3303 1289 3386 Quidnam

286 3404 357 3486 ipse
372 3402 414 3472 de
430 3403 532 3485 Piget
545 3404 649 3474 fecit?
671 3404 819 3474 Ubinam
835 3412 888 3474 est
903 3404 1049 3487 Pigoti”

371 3502 451 3572 “Ille
466 3503 501 3571 in
516 3506 642 3573 Soooie
657 3512 719 3573 est.
741 3504 848 3574 Simul
864 3512 969 3588 atque
994 3527 1037 3574 ex
1062 3504 1201 3575 decuria
1223 3504 1290 3575 dis·

286 3602 370 3672 cessi
386 3603 547 3672 nuntium
563 3625 701 3673 aereum
715 3605 796 3675 navi
811 3605 896 3675 misi.
929 3604 1096 3676 Officiales
1110 3605 1209 3675 navis
1222 3611 1290 3675 sta·

286 3703 349 3772 tim
364 3702 527 3785 indagare
540 3711 730 3787 coeperunt,
743 3712 1011 3788 repereruntque
1022 3705 1123 3788 Pigot
1133 3705 1290 3775 vinctum

286 3824 412 3886 oreque
427 3803 587 3872 obturato
601 3803 666 3872 sub
680 3826 776 3874 cama
791 3825 864 3874 suae
877 3805 991 3874 diaetae
1005 3804 1203 3875 iacentem.”

370 3903 526 3986 Elinguis
541 3904 666 3987 stupui.

373 4001 482 4085 “Quid
498 4003 588 4086 quod
605 4025 669 4086 ego
685 4004 717 4073 id
734 4027 777 4075 ne
801 4005 993 4089 suspicatus
1019 4005 1157 4090 quidem
1183 4005 1247 4075 sim
1258 4005 1288 4075 !‘'

287 4101 439 4183 Godfrey
455 4124 491 4171 se
507 4103 627 4173 acerbe
642 4105 869 4187 reprehendit.
907 4104 979 4175 “lbi
994 4112 1125 4176 stantes
1139 4105 1290 4177 vidimus

286 4224 362 4271 eam
377 4202 524 4271 celocem
538 4224 617 4272 cum
632 4205 756 4274 vexillo
771 4205 933 4275 Francico
948 4212 989 4275 ut
1003 4227 1066 4276 nos
1080 4205 1289 4289 praeterivit;

285 4302 389 4371 etiam
404 4301 553 4371 vidimus
568 4304 796 4374 hominemex
821 4327 862 4374 ea
887 4305 922 4374 iu
949 4307 1074 4376 Saooie
1100 4313 1290 4390 transgres-

285 4423 380 4482 sum;
403 4402 549 4485 denique
565 4404 667 4473 etiam
683 4405 831 4475 vidimus
852 4405 999 4475 eundem
1014 4427 1093 4476 curn
1108 4405 1210 4489 Pigot
1223 4406 1289 4476 col·

286 4503 481 4585 loquentem
498 4556 506 4572 .
522 4557 530 4572 .
546 4503 576 4572 .''
