3150 5468
330 1206 393 1276 160
517 1200 521 1210 ’
588 1220 798 1275 mandarun
820 1220 929 1274 anon
949 1213 1068 1275 nourr

414 1387 528 1459 “Nihil
544 1410 587 1458 en
601 1389 667 1458 ista
683 1394 838 1471 superest
859 1388 1030 1470 historia,”
1055 1389 1152 1458 fatur
1179 1389 1331 1472 Godfrey

330 1511 413 1560 voce
428 1489 536 1571 finus,
553 1487 632 1558 “sed
648 1495 700 1558 est
715 1495 751 1558 et
766 1489 904 1558 altera.”

412 1588 544 1673 “Quid?
565 1596 601 1659 et
615 1590 763 1661 altera?”
779 1588 962 1672 respiciens
976 1589 1011 1658 in
1026 1611 1106 1659 eum
1121 1591 1245 1673 querit
1260 1613 1331 1660 ma·

332 1696 432 1759 trona
446 1691 569 1759 velata

412 1789 558 1871 “Quaere
573 1811 615 1859 ex
630 1812 681 1871 ea,
697 1789 799 1872 Hera,
826 1811 975 1872 quonam
1002 1791 1174 1874 proposito
1199 1791 1271 1874 ipsa
1295 1792 1330 1860 in

329 1889 416 1960 hanc
431 1890 570 1960 domurn
585 1890 718 1959 venerit
737 1889 863 1961 nudius
888 1891 1011 1961 tertius
1036 1891 1179 1974 vesperi,
1205 1892 1331 1961 locuta·

327 2012 395 2074 que
409 1991 445 2059 in
459 1990 525 2060 isto
539 1990 690 2059 conclavi
706 2012 785 2059 cunr
800 1990 954 2074 Philippo
968 1991 1116 2061 Vantine
1132 1992 1270 2060 fuerit”

411 2089 511 2160 “Non
525 2090 591 2160 feci
602 2089 631 2158 !”
646 2089 788 2172 quiritat
803 2091 923 2173 puella,
938 2092 1039 2161 vultu
1055 2090 1224 2173 flagranti.
1236 2091 1330 2161 Men·

334 2190 443 2261 dacirn
458 2197 520 2259 est.

412 2289 516 2360 “Esto
531 2288 634 2372 haud,
650 2312 736 2374 opus
758 2297 869 2360 estut
898 2290 1029 2360 dicat!”
1051 2291 1190 2361 immitis
1219 2292 1332 2374 pergit

330 2389 493 2474 Godfrey.
516 2390 668 2474 Quisque
683 2390 904 2460 stultissimus
918 2391 1018 2461 facile
1033 2391 1208 2461 divinabit.
1230 2392 1334 2462 Venit

331 2512 392 2575 pro
407 2490 549 2560 litteris!
571 2490 731 2561 Cosilium
753 2498 891 2573 ceperat
906 2498 951 2573 te,
967 2491 1069 2574 Hera,
1095 2490 1332 2561 diffamandiP'

415 2590 650 2661 “Mendacium
666 2591 756 2661 est!”
778 2591 903 2660 iterum
919 2591 1062 2674 quiritat
1076 2592 1197 2676 puella
1226 2591 1333 2661 “Veni

331 2713 391 2776 spe
406 2691 510 2762 ducta
524 2713 601 2761 earn
617 2691 785 2773 servandi,
801 2691 845 2760 ad
861 2744 869 2760 .
886 2744 893 2760 .
910 2692 940 2761 .’'

415 2793 568 2875 Impetus
582 2791 799 2874 singultuum
813 2792 989 2862 furentem
1001 2814 1098 2876 paene
1110 2793 1332 2862 suffocarunt.

415 2893 608 2962 Matronam
633 2892 781 2961 velatam
811 2892 1070 2962 contremiscere
1098 2892 1333 2975 animadverti,

332 2993 448 3063 sellam
463 2993 509 3062 iili
525 2991 697 3076 supposui,
712 2991 863 3075 inquam
885 3015 921 3063 se
946 2993 1067 3076 gratiis
1092 3015 1153 3077 per
1177 3015 1334 3064 murmur

334 3092 476 3164 redditis
489 3092 633 3162 demisit.

417 3192 609 3263 “Praeterea
632 3199 755 3264 testem
781 3215 844 3262 eus
864 3194 912 3263 rei
934 3193 1130 3276 habemus‚'’
1157 3193 1333 3278 subiungit

337 3293 499 3377 Godfrey.
522 3291 766 3363 “Accersamne
781 3294 915 3364 lictores
929 3294 1022 3364 Hera
1033 3294 1070 3365 ?'’

257 3400 261 3409 '
418 3393 529 3476 “Noli,
544 3394 612 3463 noli
619 3393 649 3462 !'’
664 3395 789 3464 clamat
804 3395 914 3477 puella
929 3394 1030 3464 vultu
1055 3395 1130 3463 fere
1154 3394 1334 3464 cadavero-

333 3517 380 3565 so.
403 3494 636 3576 “Edisseram;
659 3494 772 3564 omnia
793 3494 986 3564 edisseram.
1008 3494 1070 3565 Vel
1086 3494 1236 3577 spatium
1251 3501 1335 3565 tem·

335 3594 426 3679 poris
440 3594 585 3664 concede
599 3594 628 3664 !''

417 3695 552 3765 Interea
566 3695 608 3764 ad
625 3717 661 3764 se
676 3694 916 3778 possidendum
932 3716 1048 3765 secum
1074 3696 1262 3765 colluctans
1284 3717 1334 3766 se·

333 3794 445 3877 debat,
459 3795 558 3865 cuius
573 3795 621 3864 rei
635 3795 795 3865 indicium
810 3801 885 3865 erat
900 3797 1019 3866 vultus
1034 3803 1165 3878 torvus,
1180 3796 1334 3866 maculis-

333 3917 400 3979 que
414 3895 565 3965 striatus.
587 3895 678 3964 Tum
694 3895 763 3964 vidi
778 3896 894 3966 oculos
908 3895 982 3965 eius
997 3895 1109 3978 pandi,
1132 3903 1169 3966 et
1194 3895 1334 3965 circum·

334 3995 477 4079 spiciens
491 3994 717 4065 animadverti
743 3995 873 4078 Rogers
897 4017 933 4065 se
958 3996 1002 4065 ad
1025 3995 1213 4066 sedendum
1238 3995 1335 4065 colie-

334 4095 434 4179 gisse,
456 4095 627 4178 lividaque
646 4094 734 4164 facie
756 4096 870 4165 oculos
890 4095 925 4164 in
947 4096 1094 4178 puellam
1123 4094 1251 4166 defixos
1285 4102 1334 4166 te·

334 4217 426 4265 nere.

418 4296 505 4378 Ipsa,
518 4317 559 4364 eo
574 4295 657 4377 viso,
672 4295 746 4364 fere
761 4294 796 4364 in
811 4295 966 4365 furorem
981 4302 1059 4366 acta
1073 4302 1136 4366 est.

418 4394 493 4465 “Tu
508 4395 537 4465 is
550 4395 646 4464 fuisti
658 4394 687 4464 !'’
702 4395 843 4478 quiritat
857 4396 979 4479 puella,
1005 4396 1130 4479 pugnis
1143 4417 1224 4466 eum
1239 4397 1335 4467 mini·

335 4503 417 4566 tata
440 4495 514 4566 “Tu
528 4517 584 4565 me
599 4495 795 4578 prodidisti!
816 4496 881 4577 Tu,
896 4494 1041 4579 ignave!
1063 4495 1193 4580 Ignave
1204 4495 1234 4565 !’'
