3128 5016
277 808 321 876 34
540 819 748 873 MYsTEmUM
770 817 877 871 Aaou
898 811 1017 871 nourr

362 991 429 1059 Per
443 989 572 1071 aliquot
587 993 761 1057 momenta
776 1008 851 1055 eam
866 987 1129 1069 contemplabar,
1144 1010 1224 1058 nam
1239 990 1281 1060 si-

279 1114 322 1160 ne
338 1090 548 1160 dubitatione
564 1110 650 1171 opus
665 1088 699 1157 id
714 1094 788 1156 erat
802 1086 885 1156 artis
900 1095 1154 1170 consummatae,
1165 1113 1281 1183 ⁸opere

279 1191 491 1261 intestinan'o
506 1189 648 1270 infinito,
663 1194 847 1269 crustoque
870 1194 1019 1256 testaceo
1031 1187 1080 1257 ita
1095 1195 1225 1259 tectum
1240 1213 1280 1261 ac

280 1291 487 1372 decoratum,
514 1298 554 1359 ut
583 1310 680 1371 paene
706 1287 807 1356 fidem
833 1287 1020 1356 excederet
1057 1288 1187 1358 Tamen
1212 1291 1281 1360 iam

280 1413 372 1460 nunc
397 1390 545 1473 ingenue
570 1389 673 1458 fateri
697 1388 780 1456 mihi
806 1386 919 1456 licebit
944 1408 1000 1455 me
1025 1387 1059 1457 id
1083 1410 1152 1459 non
1182 1392 1282 1474 tanti,

281 1491 400 1574 quanti
415 1513 477 1573 par
491 1497 576 1570 erat,
591 1489 722 1558 fecisse.
734 1487 833 1556 Ratio
847 1487 990 1556 ornandi
1000 1487 1119 1558 florida
1133 1490 1200 1559 aevi
1216 1491 1281 1561 Lu-

281 1591 391 1661 dovici
418 1589 660 1673 Quartidecimi
685 1596 789 1670 atque
816 1587 1027 1671 Quindecimi
1050 1589 1133 1658 mihi
1156 1612 1284 1674 nequa·

282 1712 387 1773 quam
401 1690 573 1759 arridebat
583 1712 592 1771 ;
614 1696 781 1772 praeterea
796 1687 900 1756 etiarn
915 1709 1038 1770 parum
1063 1710 1141 1758 sum
1166 1712 1283 1761 rerum

282 1791 407 1860 callens
420 1790 463 1858 ad
479 1812 520 1858 ea
535 1788 742 1869 admiranda,
771 1809 850 1870 quae
872 1787 1024 1856 animum
1050 1811 1167 1859 meum
1190 1790 1283 1862 haud

283 1890 470 1973 attingunt.
500 1890 629 1959 Vereor
652 1889 768 1971 itaque
783 1909 827 1956 nc
842 1887 990 1956 Vantine
1005 1910 1060 1958 me
1076 1910 1174 1973 aequo
1189 1891 1286 1975 frigi·

283 1990 412 2059 diorem
427 1997 590 2073 expertus
603 1989 656 2058 sit.

368 2090 460 2159 Nihil
476 2089 622 2158 vicissim
637 2087 776 2170 rn'goris
791 2087 825 2155 in
840 2087 941 2156 modo
956 2095 1030 2157 erat
1046 2111 1116 2172 quo
1141 2089 1213 2173 ipse
1234 2114 1287 2161 ar-

283 2212 358 2259 cam
373 2189 678 2271 contemplabatur.
701 2188 790 2256 Nam
807 2188 894 2257 oculi
910 2188 984 2256 eius
1009 2188 1143 2258 insueto
1168 2212 1207 2260 ac
1229 2213 1287 2274 pe-

285 2290 420 2372 regrino
436 2291 584 2372 quodam
600 2290 738 2370 fulgore
754 2287 953 2356 admirantis
967 2288 1155 2371 micabant;
1171 2290 1288 2374 digitis

285 2412 421 2459 sursum
446 2390 673 2471 deorsumque
697 2388 910 2470 superficiem
936 2388 1048 2470 operis
1075 2388 1226 2459 intestini
1248 2414 1288 2462 ac

284 2490 508 2560 testudinacei
520 2491 670 2572 palpans,
683 2488 874 2557 reverentia
886 2488 1034 2570 quadam
1045 2491 1288 2573 pertractabat

285 2592 416 2660 forulos
430 2590 580 2659 minutos
594 2589 706 2671 gratia
722 2589 788 2656 mei
804 2610 943 2670 prorsus
969 2588 1088 2657 eadem
1104 2590 1224 2660 vultus
1237 2614 1289 2662 so-

285 2691 460 2759 lemnitate
475 2689 669 2769 eductabat,
684 2711 753 2771 qua
768 2689 897 2757 amicus
919 2688 1058 2771 quidam
1073 2711 1171 2759 meus
1186 2713 1288 2761 suum

287 2790 503 2859 Kilmamock
519 2791 631 2858 Burns
645 2789 687 2858 de
703 2796 861 2872 pegmate
876 2788 1074 2871 depromere
1099 2791 1202 2872 solet;
1224 2793 1290 2861 cla·

288 2891 393 2959 riores
418 2891 491 2960 eius
519 2897 723 2959 curvaturas
750 2912 854 2958 manu
870 2890 952 2958 mihi
976 2889 1146 2959 indicabat
1168 2892 1288 2963 eadem

285 2994 367 3060 cura
384 2991 517 3073 quanti
534 2992 680 3059 solemus
703 2990 737 3058 in
764 2989 958 3058 disserendo
984 2989 1025 3058 de
1052 3012 1163 3073 opere,
1184 2991 1289 3075 idque

285 3091 551 3172 interpretando,
567 3089 705 3159 artificis
719 3089 926 3158 immortalis
949 3090 1103 3172 Denique
1118 3113 1226 3174 quum
1242 3093 1292 3162 vi·

286 3192 382 3261 deret
398 3193 491 3260 nulla
505 3214 525 3260 a
540 3214 595 3260 me
611 3213 772 3273 responsa
797 3213 833 3259 se
857 3190 977 3259 elicere
1003 3212 1110 3272 posse,
1126 3192 1290 3263 substitit.

371 3291 445 3361 “Tu
460 3315 528 3360 non
543 3313 749 3374 magnopere
766 3291 891 3360 videris
905 3291 968 3360 hac
985 3313 1021 3360 re
1037 3292 1176 3373 teneri,”
1193 3293 1290 3363 fatur

288 3415 342 3461 me
356 3401 568 3474 anspectans.

371 3492 430 3562 “ld
456 3495 542 3572 meai,
568 3515 635 3560 non
662 3514 750 3560 arcae
779 3491 964 3573 culpafitss’
980 3492 1093 3560 fateor
1113 3492 1153 3560 ei.
1189 3491 1289 3562 “Non

287 3616 364 3663 sum
381 3615 421 3662 ea
437 3615 473 3662 re
489 3593 660 3672 imbutus;
682 3600 717 3661 et
739 3614 859 3674 parum
876 3591 918 3660 de
933 3591 1064 3660 artibus
1085 3593 1198 3675 calleo,
1222 3595 1292 3663 for·

372 3793 480 3863 Vultu
504 3791 642 3862 erubuit
665 3799 706 3860 ut
721 3791 890 3874 quispiam
917 3798 1041 3874 posset,
1067 3791 1166 3861 cuius
1191 3793 1289 3862 uxori

293 3893 415 3977 aliquis
442 3915 478 3962 se
503 3900 671 3974 praesente
693 3893 919 3972 malediceret,
940 3900 1044 3974 atque
1066 3913 1085 3961 e
1107 3891 1219 3974 cubili,
1240 3914 1297 3963 me

289 3994 482 4075 comitante,
499 3993 655 4076 protinus
670 3993 823 4062 excessit.

373 4092 598 4176 “Memineris,
614 4092 660 4162 nri
676 4092 827 4176 Lester,”
848 4091 987 4163 tandem
1012 4092 1173 4163 severiori
1195 4093 1292 4164 fatur
