3128 5016
583 798 888 852 eaaeamrrorvas
1176 782 1238 852 107

238 966 410 1035 credibilia
424 967 505 1035 mihi
522 966 736 1048 videbantur,
762 967 820 1036 sed
847 989 948 1048 nunc,
970 969 1069 1049 plena
1085 967 1149 1037 diei
1164 970 1240 1037 luce

239 1067 273 1134 id
299 1089 399 1135 omne
425 1089 589 1149 perquam
618 1068 804 1136 absurdum
835 1068 915 1135 mihi
943 1068 1093 1150 parebat.
1130 1068 1241 1150 Quam

240 1167 355 1248 Grady
369 1175 404 1235 et
421 1167 628 1248 Goldberger
644 1168 709 1235 ista
724 1168 892 1236 risissent!

323 1285 445 1352 Totam
462 1285 601 1365 proinde
618 1285 704 1353 hanc
721 1308 792 1353 rem
815 1285 996 1365 impatiens
1011 1307 1031 1353 a
1047 1308 1101 1353 me
1128 1308 1242 1354 aman·

240 1384 329 1464 davi,
345 1392 562 1466 mentemque
577 1386 619 1453 ad
635 1386 701 1453 alia
715 1386 886 1465 converti;
903 1393 1017 1452 tamen
1034 1385 1241 1467 profundam

239 1484 411 1566 quandam
438 1507 623 1553 nervorum
650 1486 837 1553 tensionem
865 1486 1033 1567 deponere
1064 1508 1118 1553 me
1147 1486 1239 1554 haud

240 1606 337 1665 posse
353 1585 459 1663 sensi;
483 1585 598 1666 itaque
614 1586 771 1654 obserata
787 1586 963 1667 scriptoria
978 1589 1063 1666 mea,
1080 1585 1241 1654 ministel·

240 1685 310 1752 lum
338 1683 456 1752 edocui
484 1707 538 1752 me
564 1708 631 1752 non
658 1686 859 1766 rediturum,
881 1693 983 1767 atque
1007 1685 1113 1754 accita
1135 1685 1240 1754 rheda

240 1785 412 1852 meritoria
429 1784 560 1852 Nemus
577 1785 753 1853 Urbanum
770 1808 967 1866 percursare
994 1786 1108 1853 statui.
1146 1786 1240 1854 Aura

241 1906 366 1964 recens,
383 1885 573 1965 fragrantia
589 1885 759 1963 arborum,
776 1894 933 1966 aspectus
948 1908 1132 1966 puerorum
1144 1885 1241 1953 iuxta

241 1984 312 2051 vias
328 1984 572 2052 colludentium
588 2008 642 2052 me
660 1986 748 2052 haud
766 2008 887 2066 parum
904 1993 1111 2065 recrearunt,
1133 1992 1168 2053 et
1194 1986 1240 2053 sic

240 2106 301 2164 par
315 2106 409 2152 eram
424 2084 586 2166 Godfrey,
603 2086 684 2153 hora
701 2086 843 2166 septima
854 2108 908 2154 me
918 2086 1187 2166 convenientem,
1200 2085 1241 2152 ri-

240 2206 280 2251 su
296 2184 459 2263 excipere.

324 2300 498 2368 “Mensam
514 2287 660 2369 conduxi
677 2303 710 2369 in
728 2303 889 2384 popinula
917 2325 1020 2384 prope
1035 2325 1056 2370 a
1070 2325 1175 2370 comu
1192 2302 1241 2370 vi·

239 2400 300 2478 ci,''
327 2401 424 2468 fatur
450 2400 487 2480 is,
514 2401 556 2468 ad
584 2424 638 2469 me
664 2402 846 2482 ingressus,
884 2401 1044 2470 “Institor
1071 2402 1241 2483 popinulae

240 2499 368 2567 amicus
398 2522 495 2568 meus
521 2508 582 2580 cst,
609 2523 777 2583 speroque
803 2503 913 2570 locum
945 2501 1005 2570 tibi
1036 2501 1241 2583 placiturum

240 2600 346 2667 fore.''

324 2717 368 2785 Et
383 2718 518 2798 placuit.
546 2718 730 2786 Prandium
757 2720 910 2800 profecto
934 2718 1019 2786 adeo
1045 2718 1180 2799 placuit,
1201 2726 1241 2786 ut

242 2824 331 2884 totos
346 2839 407 2884 nos
431 2817 627 2898 devinciret,
654 2841 714 2886 nec
742 2841 850 2899 usque
875 2841 916 2886 eo
941 2818 1128 2898 negotium,
1150 2817 1241 2899 quod

241 2938 302 2983 nos
318 2916 384 2983 huc
399 2917 571 2996 allexerat,
594 2918 868 2996 memoravimus,
895 2918 1000 2986 donec
1027 2917 1115 2985 calla
1130 2918 1241 2999 allata,

241 3016 502 3099 convolvulique
516 3018 646 3086 accensi
662 3018 819 3086 fuissent.

324 3131 584 3214 “Quidquamne
600 3134 680 3202 novi
694 3134 729 3204 ?”
752 3134 945 3202 sciscitabar
958 3133 1002 3201 ab
1017 3156 1066 3215 eo,
1083 3134 1165 3202 dum
1181 3134 1242 3202 sel·

241 3233 290 3300 las
304 3240 437 3300 nostras
453 3255 635 3315 parumper
650 3257 671 3302 a
684 3256 801 3301 mensa
822 3233 1074 3301 amolicbamur.

325 3348 377 3417 “N
380 3349 448 3430 ihil,
465 3350 566 3418 ullius
581 3351 755 3418 momenti.
767 3350 921 3418 Cadaver
935 3350 969 3417 in
985 3351 1171 3418 conditorio
1186 3351 1242 3419 de·

240 3450 405 3518 claratum
432 3457 587 3517 nonest.
621 3451 697 3517 Prae
727 3450 893 3530 omnibus,
923 3450 1056 3518 lictores
1084 3450 1241 3519 Parisiaci

240 3571 417 3617 mensuras
434 3549 691 3618 Bertillonianas
706 3549 779 3617 eius
794 3550 904 3617 nullas
919 3550 1169 3632 sumpserunt.’'

324 3647 489 3717 “Proinde
506 3650 706 3717 malefactor
723 3671 790 3717 non
807 3649 907 3717 fuit.'’

324 3764 533 3847 “Nunquam
559 3765 627 3834 fuit
642 3767 792 3847 captus,’'
819 3766 1064 3848 interpretatur
1080 3766 1239 3848 Godfrey.

240 3865 372 3945 “Magis
387 3865 489 3933 etiam
505 3865 629 3934 mirum
656 3865 709 3933 hic
736 3888 816 3934 eum
843 3887 910 3933 non
932 3865 1039 3934 fuisse
1054 3866 1238 3947 cognitum.

239 3965 436 4034 Verosimile
452 3973 503 4033 est
519 3965 615 4033 binas
629 3965 805 4034 hominum
829 3965 992 4033 milliones
1006 3964 1152 4046 effigiem
1168 3965 1240 4033 eius

239 4080 274 4148 in
290 4064 419 4133 diurnis
435 4064 568 4134 vidisse.
591 4065 704 4149 Aliqui
730 4071 941 4148 putaverunt
957 4064 1094 4148 quidem
1109 4087 1145 4134 se
1160 4086 1238 4134 eum
