3150 5468
381 1276 547 1331 consess
563 1277 736 1331 emersu
753 1276 934 1332 eosrrcnu
949 1278 1056 1332 rmus
1159 1264 1223 1333 223

304 1446 447 1515 “Nonne
463 1447 703 1516 munusculum
716 1446 993 1528 sumptuosum?”
1002 1447 1119 1516 timide
1131 1468 1224 1530 quae·

222 1569 268 1625 ro,
284 1546 373 1628 quod
391 1555 492 1629 caput
508 1569 622 1616 meum
638 1548 762 1615 itemm
779 1569 902 1628 gyrare
917 1547 1029 1630 coepit.

305 1664 365 1743 “A,
383 1664 414 1731 id
432 1686 498 1731 non
517 1664 665 1732 muneris
686 1665 757 1732 loco
780 1663 979 1732 habebatur.
1013 1664 1165 1746 Emptori
1188 1665 1222 1733 in

221 1764 333 1831 animo
349 1773 421 1831 erat
437 1785 512 1831 eam
528 1763 588 1831 sibi
615 1764 785 1832 vindicare
811 1800 849 1808 -
878 1763 936 1833 sed
960 1786 1050 1833 mors
1075 1765 1222 1833 Vantine

222 1885 299 1930 eum
317 1864 333 1930 f
343 1865 449 1931 debit.
471 1863 505 1932 Si
522 1864 554 1931 id
571 1886 637 1931 non
654 1864 826 1932 accidisset
854 1900 893 1907 -
923 1886 1001 1946 quae
1024 1865 1114 1933 enim
1138 1865 1223 1933 acci·

223 1963 320 2041 dunt,
336 1986 434 2031 nemo
451 1964 633 2045 presagire
649 1971 763 2044 potest
787 2000 825 2007 -
848 1964 960 2032 omnia
984 1986 1025 2032 ex
1053 1964 1222 2032 sententia

222 2064 424 2143 evenissent,
450 2086 510 2132 nec
538 2063 716 2145 quisquam
754 2086 907 2147 unquam
944 2085 1064 2132 verum
1089 2085 1222 2147 compe·

223 2164 351 2232 risset.”

306 2280 372 2348 “At
388 2303 535 2362 quonam
551 2281 687 2351 consilio
702 2281 734 2349 id
750 2282 842 2363 egit?
857 2282 955 2350 Arme
967 2281 1153 2364 portorium
1166 2303 1224 2350 vo

225 2380 286 2447 luit
303 2381 477 2449 evitare?”

307 2497 388 2577 “Va‚
405 2498 485 2566 nihil
503 2507 572 2566 tam
588 2499 721 2580 exigui!
744 2498 913 2567 Praeterea
938 2499 1009 2580 ipse
1035 2501 1222 2582 portorium

224 2597 370 2665 Vantine
388 2599 571 2679 rependere
587 2599 767 2667 debuisset.
791 2598 910 2667 Tibine
927 2598 959 2666 id
976 2600 1171 2682 rependite·

307 2715 498 2793 “Minime''
515 2717 663 2796 inquam.
697 2716 808 2783 “Nihil
836 2716 925 2797 quod
950 2717 1155 2799 rependatur
1171 2741 1225 2788 su·

224 2838 356 2895 peresse
374 2816 501 2896 puuvi.
520 2816 665 2884 Vimtine
683 2839 800 2883 revera
828 2817 1015 2896 portorium
1042 2818 1085 2885 ob
1109 2841 1223 2887 arcam

223 2915 283 2982 abs
298 2940 332 2983 se
348 2929 497 2997 emptum
514 2918 633 2994 solvit;
657 2916 821 2997 siquidem
838 2939 878 2983 ea
893 2917 961 2984 fuit
977 2939 1081 2998 quam
1097 2920 1225 3000 proies·

223 3018 280 3083 sio¹
300 3039 361 3083 sua
378 3017 582 3084 ostenderat.
608 3018 663 3084 Ille
680 3017 765 3084 alius
789 3016 932 3084 debebat
957 3018 1087 3086 solvere
1114 3028 1226 3100 porto·

225 3117 310 3183 rium
328 3118 459 3184 obeam
477 3139 580 3198 ouum
597 3118 782 3196 invexerat,
799 3117 937 3198 proinde
953 3117 1035 3185 nibil
1049 3119 1156 3199 reperi
1169 3141 1225 3187 ve·

225 3218 285 3284 iuti
302 3218 392 3297 quod
410 3218 621 3284 substantiae²
646 3218 792 3284 Ventine
823 3217 866 3284 ab
890 3217 1003 3298 aliquo
1033 3217 1225 3288 deberetur.

227 3317 340 3383 Potest
357 3318 490 3384 interim
508 3318 626 3384 aerurio
652 3317 777 3398 aliquid
801 3317 923 3395 deberi,
951 3317 1224 3400 quandoquidem

224 3441 311 3495 arco,
328 3440 430 3497 ouum
449 3418 594 3484 Vantine
611 3418 853 3498 importaverat
876 3418 983 3485 multo
1000 3419 1075 3500 plus
1090 3419 1226 3488 valebat

225 3540 326 3599 quum
345 3518 433 3599 quod
453 3518 615 3598 professio
631 3540 691 3584 sua
706 3517 917 3584 exhibebat.’'

328 3739 348 3785 l.
364 3733 520 3797 Professor
538 3734 604 3791 mis.
621 3735 714 3797 lingui
729 3735 859 3796 negotioli
874 3743 956 3801 atque
969 3736 1082 3787 iuridicu
1095 3737 1227 3789 Romano·

226 3835 282 3869 rum
299 3820 436 3880 significor
450 3820 570 3869 rationes
584 3819 709 3874 redditus,
722 3835 789 3883 quos
813 3825 961 3883 quaestores
974 3826 1001 3869 et
1014 3820 1152 3882 publicani
1164 3838 1180 3870 a
1192 3821 1228 3871 ci·

227 3903 467 3962 sionem-pexunt
494 3903 551 3952 sive
575 3903 730 3951 occassione
757 3904 854 3951 eensds
878 3901 986 3965 publici.
1005 3902 1063 3951 sive
1077 3902 1227 3965 pendendis

226 3987 336 4036 tributis
350 4004 380 4035 :ie
397 3986 584 4046 vectigalibus,
597 3993 678 4049 utque
693 3986 825 4048 portoriis.
846 3982 1045 4047 l'rojitendum
1063 4001 1158 4049 nempe
1172 3985 1226 4036 civi

226 4071 322 4134 cuique
337 4080 392 4119 emt
406 4078 471 4133 quot
487 4073 578 4129 iugera
594 4084 727 4132 tignorum,
741 4069 889 4124 vinearum.
903 4068 1022 4124 heberet,
1036 4075 1167 4132 quantum
1182 4084 1228 4118 an·

229 4170 315 4209 nome.
330 4160 477 4216 proventus
491 4153 644 4205 cuiuslibet.
658 4160 790 4216 quantum
818 4152 940 4215 pecuniae
953 4151 1110 4215 possideret.
1124 4158 1171 4202 sut
1186 4167 1227 4202 ve·

227 4253 256 4287 ro
270 4238 332 4301 quid
347 4247 372 4286 et
386 4245 488 4301 quanto
502 4237 594 4286 vnlore
605 4237 772 4299 importaret.
786 4235 940 4298 Responsio,
954 4234 1011 4285 sive
1024 4235 1107 4285 iussio
1121 4234 1153 4285 sd
1169 4234 1225 4287 brec

226 4323 340 4386 quesita
354 4328 411 4370 emt
424 4319 576 4385 professio.

328 4408 349 4455 2.
370 4403 551 4457 Substantia.
569 4419 612 4460 -ιι,
628 4411 668 4453 est
683 4419 786 4453 summa
805 4402 925 4453 omnium
948 4401 1078 4467 cuiusque
1096 4402 1165 4453 civis
1185 4402 1228 4453 bo·

228 4505 330 4545 norum.
345 4497 399 4538 tom
416 4488 594 4537 immobilium
608 4503 687 4551 quom
704 4487 852 4543 mobilium,
876 4487 933 4536 sive
946 4485 1026 4537 vivus
1037 4502 1068 4536 eo
1083 4485 1227 4551 possideat.

226 4576 283 4624 sive
298 4580 419 4623 mortuus
433 4571 578 4634 relinquet.
