3150 5468
328 1167 391 1237 198
593 1184 801 1238 ursranruu
823 1183 931 1238 mou
953 1177 1071 1239 nourr

411 1349 630 1421 “Rectissime
646 1352 826 1433 statuisti,’'
849 1351 970 1435 probat
993 1351 1073 1435 ipse.
1098 1349 1274 1433 “AEquum
1295 1356 1333 1418 et

329 1472 394 1533 ego
409 1453 561 1521 censeo.’'

414 1553 522 1621 Parks
550 1553 662 1634 paullo
691 1561 767 1636 post
791 1575 810 1622 a
837 1553 971 1622 duabus
995 1552 1105 1634 operis
1136 1552 1329 1632 comitatus

327 1652 426 1721 rediit
462 1674 535 1721 rem
571 1653 755 1735 quamdam
792 1653 967 1722 involucro
998 1653 1196 1722 obvolutam
1235 1651 1330 1720 baiu-

329 1752 488 1834 lantibus
505 1775 590 1835 quos
605 1761 698 1823 arcte
713 1761 852 1823 secutus
867 1761 918 1823 est
944 1753 1092 1822 vicarius
1116 1753 1225 1822 Musei
1245 1752 1332 1821 Met·

330 1853 518 1935 ropolitani.

414 1952 567 2022 “Nomen
583 1954 664 2022 mihi
680 1954 800 2022 Lester
814 1955 897 2036 est‚’'
914 1955 1114 2037 praefectum
1131 1953 1240 2034 docui,
1256 1951 1333 2020 “ex-

330 2060 465 2122 secutor
490 2054 685 2122 testamenti
713 2055 785 2122 heri
813 2055 971 2136 Vantine,
985 2055 1039 2124 hic
1063 2062 1179 2122 autem
1206 2053 1259 2122 vir
1280 2059 1332 2121 est

331 2154 434 2223 herus
456 2153 549 2222 Felix
574 2154 736 2235 Armand,
763 2177 805 2223 ex
830 2155 997 2224 consortio
1022 2154 1174 2222 Annand
1196 2160 1231 2223 et
1254 2152 1331 2233 Fils,

330 2253 476 2322 Parisiis.
498 2253 704 2335 Corrigendo
718 2255 852 2323 cuidam
876 2255 981 2322 errori
1005 2255 1118 2336 paullo
1142 2261 1222 2322 ante
1245 2273 1332 2321 mor·

329 2361 399 2422 tem
415 2353 488 2422 heri
503 2353 650 2422 Vantine
665 2355 842 2423 commisso
869 2355 1078 2435 satagimus.l
1103 2355 1162 2422 llla
1186 2374 1264 2422 arca
1285 2351 1332 2420 ibi

331 2476 373 2523 ex
388 2475 501 2522 errore
517 2453 584 2522 huc
600 2454 701 2522 missa
716 2463 768 2522 est
783 2456 854 2522 loco
869 2456 942 2523 eius
957 2477 1059 2536 quam
1075 2455 1145 2536 ipse
1158 2452 1330 2535 praestina-

331 2560 437 2622 verat.
462 2556 576 2622 Herus
591 2554 742 2622 Annand
759 2561 886 2622 rectam
903 2576 942 2623 ac
965 2576 1083 2622 veram
1098 2553 1222 2622 advehi
1236 2573 1332 2622 cura·

330 2653 391 2735 vit,
407 2675 483 2721 eam
499 2660 616 2722 autem
632 2675 709 2735 quae
725 2676 787 2722 sua
800 2661 861 2735 est,
878 2653 1073 2736 asportabit.
1105 2654 1178 2735 Ego
1194 2654 1261 2721 iam
1283 2661 1330 2720 to

331 2760 402 2822 tam
418 2775 490 2822 rem
506 2753 670 2822 advocato
693 2754 800 2822 Musei
825 2755 972 2826 narravi,
1001 2754 1194 2822 consultum
1216 2761 1332 2821 tamen

331 2853 413 2922 duxi
429 2861 463 2922 te
479 2853 698 2922 emutationis
713 2861 835 2922 testem
850 2855 1052 2923 accersere.”

414 2969 573 3038 “Minime
588 2970 716 3050 dubit0,
733 2971 778 3038 mi
797 2973 896 3052 Here,
913 2993 984 3039 rem
1000 2992 1133 3053 aequam
1149 2970 1253 3052 gen'ss’
1275 2969 1332 3037 ho·

332 3092 387 3138 mo
413 3070 521 3138 Musei
546 3070 717 3152 respondit
741 3071 905 3152 protinus.
939 3070 1045 3152 “Tibi,
1070 3071 1161 3140 haud
1187 3069 1332 3150 ambigo,

333 3170 481 3252 cognitio
497 3170 620 3238 harum
637 3192 751 3238 rerum
767 3179 819 3239 est
833 3170 1047 3252 personalis.”

417 3269 626 3338 “Personalis
641 3277 703 3337 est.
726 3270 779 3338 Ab
794 3270 865 3352 ipso
880 3271 962 3339 hero
977 3270 1123 3338 Vantine
1140 3271 1270 3339 tene0.’'

416 3386 573 3468 “Ratum
588 3387 714 3468 itaque,
730 3387 775 3454 mi
794 3388 915 3467 Here‚”
931 3388 1045 3455 oculos
1061 3395 1267 3455 tamencum
1277 3408 1335 3454 vo

333 3489 465 3570 luptate
481 3487 515 3554 in
531 3509 609 3554 arca
623 3487 729 3554 Boule
745 3488 913 3568 pascebat.
937 3488 1018 3555 “Est
1034 3488 1184 3569 supellex
1205 3487 1329 3555 nitidis·

334 3588 427 3656 sima.
446 3588 549 3655 Doleo
564 3587 654 3668 quod
671 3609 737 3653 non
754 3587 871 3655 Museo
893 3587 1084 3669 competit‚”
1108 3588 1142 3654 in
1168 3608 1336 3655 commen-

334 3688 498 3757 tationem
514 3687 699 3755 subiunxit.

418 3803 539 3872 “Forte
556 3803 667 3871 licebit
683 3803 742 3871 tibi
759 3803 802 3871 ab
826 3803 908 3871 hero
932 3803 1083 3871 Annand
1107 3803 1335 3885 praestinare,’'

335 3904 426 3972 suasi
441 3927 515 3985 ego,
531 3904 590 3972 sed
605 3912 741 3972 curator
757 3903 869 3971 ridens
884 3911 987 3985 caput
1004 3903 1195 3985 quassabat.

418 4003 542 4071 “Haud
568 4004 646 4084 ita,'’
676 4003 782 4071 refert
813 4003 875 4082 ille,
905 4003 1121 4071 “adiumenta
1143 4003 1239 4071 nobis
1266 4024 1335 4070 non

333 4109 528 4184 suppetunt.
552 4103 616 4172 Sed
640 4104 785 4171 fortasse
808 4102 860 4171 Sir
887 4102 1012 4185 Caspar
1039 4102 1160 4170 herum
1188 4103 1331 4183 Morgan

436 4306 460 4354 1.
478 4302 612 4367 Saragina
632 4303 698 4367 -ἑρί,
721 4308 841 4361 uotum,
870 4310 968 4367 praeter
993 4305 1103 4354 solitum
1128 4319 1160 4354 ac
1186 4302 1334 4354 litteralem

336 4403 444 4439 sensum
459 4387 616 4452 plerumque
630 4388 775 4438 adhibetur
786 4389 818 4438 nd
832 4388 1029 4451 designandam
1044 4387 1167 4438 sedulam
1179 4402 1210 4437 ac
1225 4386 1339 4451 diligen·

334 4478 389 4523 tem
407 4487 523 4536 operam,
538 4471 639 4536 aliquid
652 4471 783 4531 celeriter,
797 4472 942 4536 perniciter
954 4487 1042 4536 agere,
1055 4469 1202 4522 natinari.
