<?xml version="1.0" encoding="UTF-8"?>
<!DOCTYPE html PUBLIC "-//W3C//DTD XHTML 1.0 Transitional//EN"
    "http://www.w3.org/TR/xhtml1/DTD/xhtml1-transitional.dtd">
<html xmlns="http://www.w3.org/1999/xhtml" xml:lang="en" lang="en">
 <head>
  <title>
</title>
<meta http-equiv="Content-Type" content="text/html;charset=utf-8" />
  <meta name='ocr-system' content='tesseract 3.04.00' />
  <meta name='ocr-capabilities' content='ocr_page ocr_carea ocr_par ocr_line ocrx_word'/>
</head>
<body>
  <div class='ocr_page' id='page_1' title='image "./mysteriumarcbou00stevgoog/mysteriumarcbou00stevgoog_0168.png"; bbox 0 0 3150 5468; ppageno 0'>
   <div class='ocr_carea' id='block_1_1' title="bbox 365 1204 1102 1276">
    <p class='ocr_par' dir='ltr' id='par_1_1' title="bbox 365 1204 1102 1276">
     <span class='ocr_line' id='line_1_1' title="bbox 365 1204 1102 1276; baseline -0.005 0"><span class='ocrx_word' id='word_1_1' title='bbox 365 1204 428 1276; x_wconf 85' lang='lat'><strong>156</strong></span> <span class='ocrx_word' id='word_1_2' title='bbox 622 1219 833 1275; x_wconf 77' lang='lat' dir='ltr'><strong>ursrmruu</strong></span> <span class='ocrx_word' id='word_1_3' title='bbox 854 1218 963 1274; x_wconf 73' lang='lat' dir='ltr'><strong>anca</strong></span> <span class='ocrx_word' id='word_1_4' title='bbox 983 1212 1102 1275; x_wconf 80' lang='lat' dir='ltr'><strong>noma</strong></span> 
     </span>
    </p>
   </div>
   <div class='ocr_carea' id='block_1_2' title="bbox 297 1386 1377 4375">
    <p class='ocr_par' dir='ltr' id='par_1_2' title="bbox 361 1386 1365 1573">
     <span class='ocr_line' id='line_1_2' title="bbox 444 1386 1365 1472; baseline -0.004 -13"><span class='ocrx_word' id='word_1_5' title='bbox 444 1386 517 1459; x_wconf 85' lang='lat' dir='ltr'><strong>“En</strong></span> <span class='ocrx_word' id='word_1_6' title='bbox 532 1409 632 1472; x_wconf 82' lang='lat' dir='ltr'><strong>aqua,</strong></span> <span class='ocrx_word' id='word_1_7' title='bbox 648 1387 695 1458; x_wconf 91' lang='lat' dir='ltr'><strong>mi</strong></span> <span class='ocrx_word' id='word_1_8' title='bbox 717 1387 838 1469; x_wconf 86' lang='lat' dir='ltr'><strong>Here,”</strong></span> <span class='ocrx_word' id='word_1_9' title='bbox 862 1388 959 1458; x_wconf 87' lang='lat' dir='ltr'><strong>fatur</strong></span> <span class='ocrx_word' id='word_1_10' title='bbox 985 1386 1116 1470; x_wconf 78' lang='lat' dir='ltr'><strong>Rogers</strong></span> <span class='ocrx_word' id='word_1_11' title='bbox 1140 1407 1243 1456; x_wconf 88' lang='lat' dir='ltr'><strong>urceo</strong></span> <span class='ocrx_word' id='word_1_12' title='bbox 1263 1407 1365 1470; x_wconf 84' lang='lat' dir='ltr'><strong>aquae</strong></span> 
     </span>
     <span class='ocr_line' id='line_1_3' title="bbox 361 1487 823 1573; baseline -0.002 -14"><span class='ocrx_word' id='word_1_13' title='bbox 361 1488 549 1573; x_wconf 89' lang='lat' dir='ltr'><strong>poculoque</strong></span> <span class='ocrx_word' id='word_1_14' title='bbox 564 1488 647 1559; x_wconf 90' lang='lat' dir='ltr'><strong>mihi</strong></span> <span class='ocrx_word' id='word_1_15' title='bbox 663 1487 823 1572; x_wconf 88' lang='lat' dir='ltr'><strong>praebitis.</strong></span> 
     </span>
    </p>

    <p class='ocr_par' dir='ltr' id='par_1_3' title="bbox 361 1587 1368 2073">
     <span class='ocr_line' id='line_1_4' title="bbox 445 1587 1366 1671; baseline -0.003 -12"><span class='ocrx_word' id='word_1_16' title='bbox 445 1588 602 1659; x_wconf 87' lang='lat' dir='ltr'><strong>Proximo</strong></span> <span class='ocrx_word' id='word_1_17' title='bbox 617 1596 792 1658; x_wconf 87' lang='lat' dir='ltr'><strong>momento</strong></span> <span class='ocrx_word' id='word_1_18' title='bbox 806 1588 895 1658; x_wconf 91' lang='lat' dir='ltr'><strong>oculi</strong></span> <span class='ocrx_word' id='word_1_19' title='bbox 909 1588 984 1658; x_wconf 89' lang='lat' dir='ltr'><strong>eius</strong></span> <span class='ocrx_word' id='word_1_20' title='bbox 997 1588 1032 1657; x_wconf 93' lang='lat' dir='ltr'><strong>in</strong></span> <span class='ocrx_word' id='word_1_21' title='bbox 1048 1587 1278 1669; x_wconf 88' lang='lat' dir='ltr'><strong>mulierem‚in</strong></span> <span class='ocrx_word' id='word_1_22' title='bbox 1290 1609 1366 1671; x_wconf 79' lang='lat' dir='ltr'><strong>gra-</strong></span> 
     </span>
     <span class='ocr_line' id='line_1_5' title="bbox 362 1687 1367 1773; baseline -0.003 -14"><span class='ocrx_word' id='word_1_23' title='bbox 362 1687 442 1759; x_wconf 91' lang='lat' dir='ltr'><strong>bato</strong></span> <span class='ocrx_word' id='word_1_24' title='bbox 456 1696 662 1773; x_wconf 81' lang='lat' dir='ltr'>prostratam</span> <span class='ocrx_word' id='word_1_25' title='bbox 676 1688 879 1759; x_wconf 88' lang='lat' dir='ltr'><strong>inciderunt.</strong></span> <span class='ocrx_word' id='word_1_26' title='bbox 895 1687 1043 1771; x_wconf 87' lang='lat' dir='ltr'><strong>Stupens</strong></span> <span class='ocrx_word' id='word_1_27' title='bbox 1056 1687 1219 1769; x_wconf 85' lang='lat' dir='ltr'><strong>haerebat,</strong></span> <span class='ocrx_word' id='word_1_28' title='bbox 1234 1687 1367 1757; x_wconf 77' lang='lat' dir='ltr'><strong>vultus</strong></span> 
     </span>
     <span class='ocr_line' id='line_1_6' title="bbox 361 1787 1368 1873; baseline -0.003 -14"><span class='ocrx_word' id='word_1_29' title='bbox 361 1811 429 1873; x_wconf 88' lang='lat' dir='ltr'><strong>que</strong></span> <span class='ocrx_word' id='word_1_30' title='bbox 443 1810 528 1860; x_wconf 89' lang='lat' dir='ltr'><strong>suus</strong></span> <span class='ocrx_word' id='word_1_31' title='bbox 542 1789 667 1859; x_wconf 90' lang='lat' dir='ltr'><strong>sensim</strong></span> <span class='ocrx_word' id='word_1_32' title='bbox 681 1789 716 1858; x_wconf 93' lang='lat' dir='ltr'><strong>in</strong></span> <span class='ocrx_word' id='word_1_33' title='bbox 732 1810 943 1872; x_wconf 87' lang='lat' dir='ltr'><strong>purpureum</strong></span> <span class='ocrx_word' id='word_1_34' title='bbox 959 1788 1178 1869; x_wconf 87' lang='lat' dir='ltr'><strong>mutabatur;</strong></span> <span class='ocrx_word' id='word_1_35' title='bbox 1200 1787 1278 1857; x_wconf 91' lang='lat' dir='ltr'><strong>dein</strong></span> <span class='ocrx_word' id='word_1_36' title='bbox 1289 1794 1368 1870; x_wconf 79' lang='lat' dir='ltr'><strong>gut-</strong></span> 
     </span>
     <span class='ocr_line' id='line_1_7' title="bbox 363 1887 1357 1972; baseline -0.003 -13"><span class='ocrx_word' id='word_1_37' title='bbox 363 1897 440 1960; x_wconf 87' lang='lat' dir='ltr'><strong>ture</strong></span> <span class='ocrx_word' id='word_1_38' title='bbox 456 1890 591 1972; x_wconf 89' lang='lat' dir='ltr'><strong>proprio</strong></span> <span class='ocrx_word' id='word_1_39' title='bbox 606 1889 784 1972; x_wconf 87' lang='lat' dir='ltr'><strong>prehenso.</strong></span> <span class='ocrx_word' id='word_1_40' title='bbox 811 1888 951 1959; x_wconf 91' lang='lat' dir='ltr'><strong>dimidio</strong></span> <span class='ocrx_word' id='word_1_41' title='bbox 966 1910 1002 1957; x_wconf 87' lang='lat' dir='ltr'><strong>se</strong></span> <span class='ocrx_word' id='word_1_42' title='bbox 1016 1888 1192 1957; x_wconf 80' lang='lat' dir='ltr'><strong>divertens</strong></span> <span class='ocrx_word' id='word_1_43' title='bbox 1212 1887 1357 1957; x_wconf 87' lang='lat' dir='ltr'><strong>concidit</strong></span> 
     </span>
     <span class='ocr_line' id='line_1_8' title="bbox 363 1988 1136 2073; baseline -0.003 -14"><span class='ocrx_word' id='word_1_44' title='bbox 363 2010 502 2073; x_wconf 88' lang='lat' dir='ltr'><strong>prorsus</strong></span> <span class='ocrx_word' id='word_1_45' title='bbox 516 1989 565 2058; x_wconf 89' lang='lat' dir='ltr'><strong>ita</strong></span> <span class='ocrx_word' id='word_1_46' title='bbox 579 1996 620 2059; x_wconf 91' lang='lat' dir='ltr'><strong>ut</strong></span> <span class='ocrx_word' id='word_1_47' title='bbox 635 2011 715 2059; x_wconf 90' lang='lat' dir='ltr'><strong>eum</strong></span> <span class='ocrx_word' id='word_1_48' title='bbox 731 1997 833 2059; x_wconf 90' lang='lat' dir='ltr'><strong>antea</strong></span> <span class='ocrx_word' id='word_1_49' title='bbox 848 1989 957 2072; x_wconf 78' lang='lat' dir='ltr'><strong>egisse</strong></span> <span class='ocrx_word' id='word_1_50' title='bbox 973 1988 1136 2058; x_wconf 88' lang='lat' dir='ltr'><strong>videram.</strong></span> 
     </span>
    </p>

    <p class='ocr_par' dir='ltr' id='par_1_4' title="bbox 363 2087 1368 2373">
     <span class='ocr_line' id='line_1_9' title="bbox 448 2087 1368 2172; baseline -0.003 -13"><span class='ocrx_word' id='word_1_51' title='bbox 448 2088 681 2171; x_wconf 87' lang='lat' dir='ltr'><strong>Homblower,</strong></span> <span class='ocrx_word' id='word_1_52' title='bbox 697 2090 756 2172; x_wconf 89' lang='lat' dir='ltr'><strong>qui</strong></span> <span class='ocrx_word' id='word_1_53' title='bbox 772 2089 949 2159; x_wconf 89' lang='lat' dir='ltr'><strong>mulierem</strong></span> <span class='ocrx_word' id='word_1_54' title='bbox 965 2087 1140 2172; x_wconf 84' lang='lat' dir='ltr'><strong>spectabat</strong></span> <span class='ocrx_word' id='word_1_55' title='bbox 1151 2094 1368 2171; x_wconf 78' lang='lat' dir='ltr'><strong>prostratam,</strong></span> 
     </span>
     <span class='ocr_line' id='line_1_10' title="bbox 363 2188 1368 2272; baseline -0.002 -13"><span class='ocrx_word' id='word_1_56' title='bbox 363 2190 583 2272; x_wconf 86' lang='lat' dir='ltr'><strong>frontemque</strong></span> <span class='ocrx_word' id='word_1_57' title='bbox 598 2211 742 2259; x_wconf 85' lang='lat' dir='ltr'>nervose</span> <span class='ocrx_word' id='word_1_58' title='bbox 758 2189 948 2270; x_wconf 88' lang='lat' dir='ltr'><strong>tersitabat,</strong></span> <span class='ocrx_word' id='word_1_59' title='bbox 963 2189 1081 2259; x_wconf 90' lang='lat' dir='ltr'><strong>audito</strong></span> <span class='ocrx_word' id='word_1_60' title='bbox 1106 2188 1259 2258; x_wconf 88' lang='lat' dir='ltr'><strong>cadentis</strong></span> <span class='ocrx_word' id='word_1_61' title='bbox 1283 2194 1368 2258; x_wconf 88' lang='lat' dir='ltr'><strong>stre·</strong></span> 
     </span>
     <span class='ocr_line' id='line_1_11' title="bbox 366 2289 759 2373; baseline 0 -15"><span class='ocrx_word' id='word_1_62' title='bbox 366 2289 441 2373; x_wconf 92' lang='lat' dir='ltr'><strong>pitu</strong></span> <span class='ocrx_word' id='word_1_63' title='bbox 456 2310 493 2358; x_wconf 87' lang='lat' dir='ltr'><strong>se</strong></span> <span class='ocrx_word' id='word_1_64' title='bbox 507 2289 759 2359; x_wconf 88' lang='lat' dir='ltr'><strong>circumvertit:</strong></span> 
     </span>
    </p>

    <p class='ocr_par' dir='ltr' id='par_1_5' title="bbox 367 2388 1369 2674">
     <span class='ocr_line' id='line_1_12' title="bbox 449 2388 1369 2472; baseline 0 -14"><span class='ocrx_word' id='word_1_65' title='bbox 449 2388 570 2472; x_wconf 85' lang='lat' dir='ltr'><strong>“Quid,</strong></span> <span class='ocrx_word' id='word_1_66' title='bbox 585 2390 713 2459; x_wconf 86' lang='lat' dir='ltr'><strong>malurn</strong></span> <span class='ocrx_word' id='word_1_67' title='bbox 726 2389 754 2458; x_wconf 90' lang='lat'><strong>!’&#39;</strong></span> <span class='ocrx_word' id='word_1_68' title='bbox 770 2411 873 2459; x_wconf 89' lang='lat' dir='ltr'><strong>rauca</strong></span> <span class='ocrx_word' id='word_1_69' title='bbox 887 2391 1053 2459; x_wconf 84' lang='lat' dir='ltr'><strong>exclamat</strong></span> <span class='ocrx_word' id='word_1_70' title='bbox 1077 2412 1171 2472; x_wconf 88' lang='lat' dir='ltr'><strong>voce,</strong></span> <span class='ocrx_word' id='word_1_71' title='bbox 1196 2389 1255 2459; x_wconf 93' lang='lat' dir='ltr'><strong>ubi</strong></span> <span class='ocrx_word' id='word_1_72' title='bbox 1277 2389 1369 2458; x_wconf 76' lang='lat' dir='ltr'><strong>vide</strong></span> 
     </span>
     <span class='ocr_line' id='line_1_13' title="bbox 367 2488 1368 2573; baseline -0.001 -13"><span class='ocrx_word' id='word_1_73' title='bbox 367 2490 428 2560; x_wconf 90' lang='lat' dir='ltr'><strong>bat</strong></span> <span class='ocrx_word' id='word_1_74' title='bbox 443 2488 572 2572; x_wconf 81' lang='lat' dir='ltr'><strong>Rogers</strong></span> <span class='ocrx_word' id='word_1_75' title='bbox 587 2497 667 2559; x_wconf 90' lang='lat' dir='ltr'><strong>ante</strong></span> <span class='ocrx_word' id='word_1_76' title='bbox 682 2511 761 2560; x_wconf 90' lang='lat' dir='ltr'><strong>suos</strong></span> <span class='ocrx_word' id='word_1_77' title='bbox 775 2490 878 2572; x_wconf 90' lang='lat' dir='ltr'><strong>pedes</strong></span> <span class='ocrx_word' id='word_1_78' title='bbox 892 2490 927 2558; x_wconf 94' lang='lat' dir='ltr'><strong>in</strong></span> <span class='ocrx_word' id='word_1_79' title='bbox 942 2491 1012 2559; x_wconf 86' lang='lat' dir='ltr'><strong>solo</strong></span> <span class='ocrx_word' id='word_1_80' title='bbox 1026 2497 1245 2572; x_wconf 86' lang='lat' dir='ltr'><strong>prostratum,</strong></span> <span class='ocrx_word' id='word_1_81' title='bbox 1257 2488 1368 2573; x_wconf 86' lang='lat' dir='ltr'><strong>“Quid</strong></span> 
     </span>
     <span class='ocr_line' id='line_1_14' title="bbox 369 2589 1077 2674; baseline 0.003 -15"><span class='ocrx_word' id='word_1_82' title='bbox 369 2589 460 2672; x_wconf 84' lang='lat' dir='ltr'><strong>mali,</strong></span> <span class='ocrx_word' id='word_1_83' title='bbox 476 2589 633 2672; x_wconf 84' lang='lat' dir='ltr'><strong>denique,</strong></span> <span class='ocrx_word' id='word_1_84' title='bbox 651 2590 750 2659; x_wconf 90' lang='lat' dir='ltr'><strong>istam</strong></span> <span class='ocrx_word' id='word_1_85' title='bbox 765 2591 905 2659; x_wconf 89' lang='lat' dir='ltr'><strong>domum</strong></span> <span class='ocrx_word' id='word_1_86' title='bbox 919 2590 1028 2674; x_wconf 79' lang='lat' dir='ltr'><strong>agitat</strong></span> <span class='ocrx_word' id='word_1_87' title='bbox 1040 2591 1077 2661; x_wconf 77' lang='lat'><strong>?”</strong></span> 
     </span>
    </p>

    <p class='ocr_par' dir='ltr' id='par_1_6' title="bbox 362 2689 1369 3172">
     <span class='ocr_line' id='line_1_15' title="bbox 451 2689 1369 2761; baseline 0 -2"><span class='ocrx_word' id='word_1_88' title='bbox 451 2689 645 2759; x_wconf 87' lang='lat' dir='ltr'><strong>Nervorum</strong></span> <span class='ocrx_word' id='word_1_89' title='bbox 659 2690 795 2759; x_wconf 88' lang='lat' dir='ltr'><strong>interim</strong></span> <span class='ocrx_word' id='word_1_90' title='bbox 811 2711 965 2760; x_wconf 91' lang='lat' dir='ltr'><strong>meorum</strong></span> <span class='ocrx_word' id='word_1_91' title='bbox 979 2690 1047 2761; x_wconf 92' lang='lat' dir='ltr'><strong>iam</strong></span> <span class='ocrx_word' id='word_1_92' title='bbox 1062 2697 1160 2759; x_wconf 89' lang='lat' dir='ltr'><strong>tanta</strong></span> <span class='ocrx_word' id='word_1_93' title='bbox 1174 2697 1249 2760; x_wconf 90' lang='lat' dir='ltr'><strong>erat</strong></span> <span class='ocrx_word' id='word_1_94' title='bbox 1259 2689 1369 2759; x_wconf 85' lang='lat' dir='ltr'><strong>tensio</strong></span> 
     </span>
     <span class='ocr_line' id='line_1_16' title="bbox 362 2788 1363 2873; baseline -0.002 -14"><span class='ocrx_word' id='word_1_95' title='bbox 362 2796 403 2859; x_wconf 91' lang='lat' dir='ltr'><strong>ut</strong></span> <span class='ocrx_word' id='word_1_96' title='bbox 431 2789 594 2858; x_wconf 89' lang='lat' dir='ltr'><strong>cachinno</strong></span> <span class='ocrx_word' id='word_1_97' title='bbox 623 2789 705 2859; x_wconf 88' lang='lat' dir='ltr'><strong>mihi</strong></span> <span class='ocrx_word' id='word_1_98' title='bbox 730 2789 823 2859; x_wconf 90' lang='lat' dir='ltr'><strong>haud</strong></span> <span class='ocrx_word' id='word_1_99' title='bbox 848 2797 1037 2873; x_wconf 88' lang='lat' dir='ltr'><strong>temperare</strong></span> <span class='ocrx_word' id='word_1_100' title='bbox 1061 2811 1202 2873; x_wconf 88' lang='lat' dir='ltr'><strong>possem.</strong></span> <span class='ocrx_word' id='word_1_101' title='bbox 1240 2788 1363 2859; x_wconf 88' lang='lat' dir='ltr'><strong>Nisum</strong></span> 
     </span>
     <span class='ocr_line' id='line_1_17' title="bbox 365 2889 1369 2971; baseline 0 -13"><span class='ocrx_word' id='word_1_102' title='bbox 365 2890 457 2959; x_wconf 95' lang='lat' dir='ltr'><strong>hunc</strong></span> <span class='ocrx_word' id='word_1_103' title='bbox 472 2890 507 2958; x_wconf 93' lang='lat' dir='ltr'><strong>in</strong></span> <span class='ocrx_word' id='word_1_104' title='bbox 522 2890 702 2959; x_wconf 87' lang='lat' dir='ltr'><strong>clamorem</strong></span> <span class='ocrx_word' id='word_1_105' title='bbox 716 2890 759 2959; x_wconf 91' lang='lat' dir='ltr'><strong>ad</strong></span> <span class='ocrx_word' id='word_1_106' title='bbox 774 2890 1014 2959; x_wconf 87' lang='lat' dir='ltr'><strong>accersendum</strong></span> <span class='ocrx_word' id='word_1_107' title='bbox 1028 2890 1136 2960; x_wconf 84' lang='lat' dir='ltr'><strong>Parks</strong></span> <span class='ocrx_word' id='word_1_108' title='bbox 1146 2889 1308 2971; x_wconf 88' lang='lat' dir='ltr'><strong>converti;</strong></span> <span class='ocrx_word' id='word_1_109' title='bbox 1332 2897 1369 2958; x_wconf 90' lang='lat' dir='ltr'><strong>at</strong></span> 
     </span>
     <span class='ocr_line' id='line_1_18' title="bbox 367 2989 1367 3074; baseline 0 -16"><span class='ocrx_word' id='word_1_110' title='bbox 367 2990 487 3059; x_wconf 88' lang='lat' dir='ltr'><strong>vultus</strong></span> <span class='ocrx_word' id='word_1_111' title='bbox 500 2989 607 3070; x_wconf 85' lang='lat' dir='ltr'><strong>istius,</strong></span> <span class='ocrx_word' id='word_1_112' title='bbox 619 3011 727 3072; x_wconf 89' lang='lat' dir='ltr'><strong>quum</strong></span> <span class='ocrx_word' id='word_1_113' title='bbox 741 2990 776 3058; x_wconf 92' lang='lat' dir='ltr'><strong>in</strong></span> <span class='ocrx_word' id='word_1_114' title='bbox 792 2990 906 3059; x_wconf 91' lang='lat' dir='ltr'><strong>limine</strong></span> <span class='ocrx_word' id='word_1_115' title='bbox 921 2991 1112 3074; x_wconf 87' lang='lat' dir='ltr'><strong>comparuit</strong></span> <span class='ocrx_word' id='word_1_116' title='bbox 1135 2989 1213 3059; x_wconf 87' lang='lat' dir='ltr'><strong>talis</strong></span> <span class='ocrx_word' id='word_1_117' title='bbox 1227 2998 1310 3072; x_wconf 82' lang='lat' dir='ltr'><strong>erat,</strong></span> <span class='ocrx_word' id='word_1_118' title='bbox 1326 2997 1367 3059; x_wconf 90' lang='lat' dir='ltr'><strong>ut</strong></span> 
     </span>
     <span class='ocr_line' id='line_1_19' title="bbox 366 3089 1366 3172; baseline -0.001 -13"><span class='ocrx_word' id='word_1_119' title='bbox 366 3089 401 3159; x_wconf 92' lang='lat' dir='ltr'><strong>in</strong></span> <span class='ocrx_word' id='word_1_120' title='bbox 415 3089 530 3159; x_wconf 88' lang='lat' dir='ltr'><strong>sellam</strong></span> <span class='ocrx_word' id='word_1_121' title='bbox 544 3089 701 3172; x_wconf 84' lang='lat' dir='ltr'><strong>delapsus</strong></span> <span class='ocrx_word' id='word_1_122' title='bbox 715 3089 750 3158; x_wconf 95' lang='lat' dir='ltr'><strong>in</strong></span> <span class='ocrx_word' id='word_1_123' title='bbox 766 3089 968 3160; x_wconf 87' lang='lat' dir='ltr'><strong>cachinnum</strong></span> <span class='ocrx_word' id='word_1_124' title='bbox 992 3091 1184 3161; x_wconf 89' lang='lat' dir='ltr'><strong>morbidum</strong></span> <span class='ocrx_word' id='word_1_125' title='bbox 1208 3091 1366 3161; x_wconf 87' lang='lat' dir='ltr'><strong>solverer.</strong></span> 
     </span>
    </p>

    <p class='ocr_par' dir='ltr' id='par_1_7' title="bbox 453 3187 1168 3261">
     <span class='ocr_line' id='line_1_20' title="bbox 453 3187 1168 3261; baseline 0.004 -3"><span class='ocrx_word' id='word_1_126' title='bbox 453 3187 528 3258; x_wconf 89' lang='lat' dir='ltr'><strong>“Dii</strong></span> <span class='ocrx_word' id='word_1_127' title='bbox 542 3197 692 3259; x_wconf 80' lang='lat' dir='ltr'><strong>vestram</strong></span> <span class='ocrx_word' id='word_1_128' title='bbox 708 3189 809 3259; x_wconf 83' lang='lat' dir='ltr'><strong>fidem</strong></span> <span class='ocrx_word' id='word_1_129' title='bbox 823 3190 853 3260; x_wconf 86' lang='lat'><strong>!&#39;’</strong></span> <span class='ocrx_word' id='word_1_130' title='bbox 870 3190 978 3260; x_wconf 88' lang='lat' dir='ltr'><strong>Parks</strong></span> <span class='ocrx_word' id='word_1_131' title='bbox 993 3192 1168 3261; x_wconf 85' lang='lat' dir='ltr'><strong>exclamat.</strong></span> 
     </span>
    </p>

    <p class='ocr_par' dir='ltr' id='par_1_8' title="bbox 368 3288 1373 3473">
     <span class='ocr_line' id='line_1_21' title="bbox 452 3288 1373 3375; baseline 0.001 -17"><span class='ocrx_word' id='word_1_132' title='bbox 452 3288 565 3359; x_wconf 88' lang='lat' dir='ltr'><strong>“Nihil</strong></span> <span class='ocrx_word' id='word_1_133' title='bbox 580 3289 690 3372; x_wconf 86' lang='lat' dir='ltr'><strong>mali,”</strong></span> <span class='ocrx_word' id='word_1_134' title='bbox 705 3290 828 3359; x_wconf 89' lang='lat' dir='ltr'><strong>acriter</strong></span> <span class='ocrx_word' id='word_1_135' title='bbox 842 3291 949 3360; x_wconf 81' lang='lat' dir='ltr'><strong>refert</strong></span> <span class='ocrx_word' id='word_1_136' title='bbox 964 3289 1126 3374; x_wconf 85' lang='lat' dir='ltr'><strong>Godfrey,</strong></span> <span class='ocrx_word' id='word_1_137' title='bbox 1148 3290 1299 3375; x_wconf 78' lang='lat' dir='ltr'><strong>“Rogers</strong></span> <span class='ocrx_word' id='word_1_138' title='bbox 1313 3312 1373 3359; x_wconf 92' lang='lat' dir='ltr'><strong>no·</strong></span> 
     </span>
     <span class='ocr_line' id='line_1_22' title="bbox 368 3389 1279 3473; baseline 0.002 -14"><span class='ocrx_word' id='word_1_139' title='bbox 368 3397 479 3459; x_wconf 88' lang='lat' dir='ltr'><strong>strum</strong></span> <span class='ocrx_word' id='word_1_140' title='bbox 492 3389 575 3459; x_wconf 90' lang='lat' dir='ltr'><strong>alios</strong></span> <span class='ocrx_word' id='word_1_141' title='bbox 588 3389 691 3460; x_wconf 90' lang='lat' dir='ltr'><strong>habet</strong></span> <span class='ocrx_word' id='word_1_142' title='bbox 706 3390 862 3473; x_wconf 80' lang='lat' dir='ltr'><strong>impetus</strong></span> <span class='ocrx_word' id='word_1_143' title='bbox 884 3390 1018 3460; x_wconf 80' lang='lat' dir='ltr'><strong>Afferto</strong></span> <span class='ocrx_word' id='word_1_144' title='bbox 1032 3393 1237 3461; x_wconf 86' lang='lat' dir='ltr'><strong>ammoniam</strong></span> <span class='ocrx_word' id='word_1_145' title='bbox 1249 3391 1279 3460; x_wconf 88' lang='lat'><strong>!&#39;’</strong></span> 
     </span>
    </p>

    <p class='ocr_par' dir='ltr' id='par_1_9' title="bbox 297 3490 1375 3873">
     <span class='ocr_line' id='line_1_23' title="bbox 454 3490 1375 3573; baseline 0.001 -14"><span class='ocrx_word' id='word_1_146' title='bbox 454 3490 562 3559; x_wconf 84' lang='lat' dir='ltr'><strong>Parks</strong></span> <span class='ocrx_word' id='word_1_147' title='bbox 576 3490 729 3560; x_wconf 85' lang='lat' dir='ltr'><strong>titubans</strong></span> <span class='ocrx_word' id='word_1_148' title='bbox 744 3490 866 3573; x_wconf 75' lang='lat' dir='ltr'><strong>prodit,</strong></span> <span class='ocrx_word' id='word_1_149' title='bbox 883 3490 1106 3562; x_wconf 90' lang='lat' dir='ltr'><strong>Homblower</strong></span> <span class='ocrx_word' id='word_1_150' title='bbox 1127 3500 1245 3562; x_wconf 84' lang='lat' dir='ltr'><strong>autem</strong></span> <span class='ocrx_word' id='word_1_151' title='bbox 1269 3490 1375 3561; x_wconf 90' lang='lat' dir='ltr'><strong>omni-</strong></span> 
     </span>
     <span class='ocr_line' id='line_1_24' title="bbox 297 3590 786 3673; baseline 0.002 -14"><span class='ocrx_word' id='word_1_152' title='bbox 297 3611 302 3615; x_wconf 88' lang='lat'>·</span> <span class='ocrx_word' id='word_1_153' title='bbox 370 3611 430 3659; x_wconf 91' lang='lat' dir='ltr'><strong>um</strong></span> <span class='ocrx_word' id='word_1_154' title='bbox 445 3597 612 3673; x_wconf 81' lang='lat' dir='ltr'><strong>pertaesus</strong></span> <span class='ocrx_word' id='word_1_155' title='bbox 625 3590 786 3661; x_wconf 81' lang='lat' dir='ltr'><strong>consedit</strong></span> 
     </span>
     <span class='ocr_line' id='line_1_25' title="bbox 307 3688 1374 3776; baseline 0.004 -17"><span class='ocrx_word' id='word_1_156' title='bbox 307 3688 313 3700; x_wconf 78' lang='lat'><strong>&#39;</strong></span> <span class='ocrx_word' id='word_1_157' title='bbox 453 3689 558 3760; x_wconf 85' lang='lat' dir='ltr'><strong>“Mihi</strong></span> <span class='ocrx_word' id='word_1_158' title='bbox 573 3690 730 3773; x_wconf 85' lang='lat' dir='ltr'><strong>equidem</strong></span> <span class='ocrx_word' id='word_1_159' title='bbox 746 3691 840 3761; x_wconf 91' lang='lat' dir='ltr'><strong>iocus</strong></span> <span class='ocrx_word' id='word_1_160' title='bbox 854 3691 992 3761; x_wconf 91' lang='lat' dir='ltr'><strong>minime</strong></span> <span class='ocrx_word' id='word_1_161' title='bbox 1006 3691 1143 3776; x_wconf 87' lang='lat' dir='ltr'><strong>liquet‚”</strong></span> <span class='ocrx_word' id='word_1_162' title='bbox 1170 3693 1239 3763; x_wconf 91' lang='lat' dir='ltr'><strong>acri</strong></span> <span class='ocrx_word' id='word_1_163' title='bbox 1254 3693 1288 3762; x_wconf 95' lang='lat' dir='ltr'><strong>in</strong></span> <span class='ocrx_word' id='word_1_164' title='bbox 1318 3716 1374 3764; x_wconf 92' lang='lat' dir='ltr'><strong>me</strong></span> 
     </span>
     <span class='ocr_line' id='line_1_26' title="bbox 370 3789 1190 3873; baseline 0.005 -14"><span class='ocrx_word' id='word_1_165' title='bbox 370 3790 495 3860; x_wconf 90' lang='lat' dir='ltr'><strong>obtutu</strong></span> <span class='ocrx_word' id='word_1_166' title='bbox 509 3789 592 3859; x_wconf 91' lang='lat' dir='ltr'><strong>mihi</strong></span> <span class='ocrx_word' id='word_1_167' title='bbox 606 3789 779 3873; x_wconf 78' lang='lat' dir='ltr'><strong>obgannit,</strong></span> <span class='ocrx_word' id='word_1_168' title='bbox 795 3792 896 3861; x_wconf 90' lang='lat' dir='ltr'><strong>vultu</strong></span> <span class='ocrx_word' id='word_1_169' title='bbox 913 3792 1036 3862; x_wconf 93' lang='lat' dir='ltr'><strong>rubore</strong></span> <span class='ocrx_word' id='word_1_170' title='bbox 1048 3794 1190 3863; x_wconf 82' lang='lat' dir='ltr'><strong>suffuso.</strong></span> 
     </span>
    </p>

    <p class='ocr_par' dir='ltr' id='par_1_10' title="bbox 369 3888 1374 4173">
     <span class='ocr_line' id='line_1_27' title="bbox 455 3888 1374 3974; baseline 0.005 -14"><span class='ocrx_word' id='word_1_171' title='bbox 455 3888 601 3973; x_wconf 83' lang='lat' dir='ltr'><strong>“Collige</strong></span> <span class='ocrx_word' id='word_1_172' title='bbox 625 3897 669 3972; x_wconf 92' lang='lat' dir='ltr'><strong>te,</strong></span> <span class='ocrx_word' id='word_1_173' title='bbox 700 3891 850 3974; x_wconf 89' lang='lat' dir='ltr'><strong>Lester‚”</strong></span> <span class='ocrx_word' id='word_1_174' title='bbox 880 3914 934 3962; x_wconf 91' lang='lat' dir='ltr'><strong>me</strong></span> <span class='ocrx_word' id='word_1_175' title='bbox 960 3893 1119 3964; x_wconf 89' lang='lat' dir='ltr'><strong>inclamat</strong></span> <span class='ocrx_word' id='word_1_176' title='bbox 1145 3916 1227 3963; x_wconf 88' lang='lat' dir='ltr'><strong>voce</strong></span> <span class='ocrx_word' id='word_1_177' title='bbox 1253 3895 1374 3965; x_wconf 87' lang='lat' dir='ltr'><strong>acerba</strong></span> 
     </span>
     <span class='ocr_line' id='line_1_28' title="bbox 369 3989 1374 4077; baseline 0.005 -17"><span class='ocrx_word' id='word_1_178' title='bbox 369 3989 530 4072; x_wconf 73' lang='lat' dir='ltr'><strong>courcy,</strong></span> <span class='ocrx_word' id='word_1_179' title='bbox 546 3990 682 4060; x_wconf 91' lang='lat' dir='ltr'><strong>interim</strong></span> <span class='ocrx_word' id='word_1_180' title='bbox 697 4012 839 4061; x_wconf 90' lang='lat' dir='ltr'><strong>urceum</strong></span> <span class='ocrx_word' id='word_1_181' title='bbox 854 3993 936 4062; x_wconf 89' lang='lat' dir='ltr'><strong>mihi</strong></span> <span class='ocrx_word' id='word_1_182' title='bbox 950 3993 1105 4076; x_wconf 88' lang='lat' dir='ltr'><strong>eripiens,</strong></span> <span class='ocrx_word' id='word_1_183' title='bbox 1121 4016 1231 4077; x_wconf 83' lang='lat' dir='ltr'><strong>eoque</strong></span> <span class='ocrx_word' id='word_1_184' title='bbox 1246 3995 1290 4064; x_wconf 90' lang='lat' dir='ltr'><strong>ad</strong></span> <span class='ocrx_word' id='word_1_185' title='bbox 1304 4017 1374 4064; x_wconf 84' lang='lat' dir='ltr'><strong>nra-</strong></span> 
     </span>
     <span class='ocr_line' id='line_1_29' title="bbox 370 4098 714 4173; baseline 0 -14"><span class='ocrx_word' id='word_1_186' title='bbox 370 4098 504 4160; x_wconf 92' lang='lat' dir='ltr'><strong>tronam</strong></span> <span class='ocrx_word' id='word_1_187' title='bbox 520 4112 714 4173; x_wconf 92' lang='lat' dir='ltr'><strong>properans.</strong></span> 
     </span>
    </p>

    <p class='ocr_par' dir='ltr' id='par_1_11' title="bbox 369 4190 1377 4375">
     <span class='ocr_line' id='line_1_30' title="bbox 451 4190 1374 4278; baseline 0.005 -19"><span class='ocrx_word' id='word_1_188' title='bbox 451 4190 524 4273; x_wconf 79' lang='lat' dir='ltr'><strong>Ego</strong></span> <span class='ocrx_word' id='word_1_189' title='bbox 538 4190 668 4260; x_wconf 85' lang='lat' dir='ltr'><strong>interea</strong></span> <span class='ocrx_word' id='word_1_190' title='bbox 682 4213 736 4260; x_wconf 89' lang='lat' dir='ltr'><strong>me</strong></span> <span class='ocrx_word' id='word_1_191' title='bbox 752 4192 834 4261; x_wconf 88' lang='lat' dir='ltr'><strong>satis</strong></span> <span class='ocrx_word' id='word_1_192' title='bbox 848 4193 968 4276; x_wconf 84' lang='lat' dir='ltr'><strong>recepi,</strong></span> <span class='ocrx_word' id='word_1_193' title='bbox 983 4201 1018 4263; x_wconf 91' lang='lat' dir='ltr'><strong>et</strong></span> <span class='ocrx_word' id='word_1_194' title='bbox 1032 4216 1140 4277; x_wconf 90' lang='lat' dir='ltr'><strong>quum</strong></span> <span class='ocrx_word' id='word_1_195' title='bbox 1156 4195 1263 4264; x_wconf 89' lang='lat' dir='ltr'><strong>Parks</strong></span> <span class='ocrx_word' id='word_1_196' title='bbox 1278 4196 1374 4278; x_wconf 92' lang='lat' dir='ltr'><strong>paul·</strong></span> 
     </span>
     <span class='ocr_line' id='line_1_31' title="bbox 369 4290 1377 4375; baseline 0.006 -17"><span class='ocrx_word' id='word_1_197' title='bbox 369 4290 401 4359; x_wconf 90' lang='lat' dir='ltr'><strong>lo</strong></span> <span class='ocrx_word' id='word_1_198' title='bbox 415 4298 492 4373; x_wconf 87' lang='lat' dir='ltr'><strong>post</strong></span> <span class='ocrx_word' id='word_1_199' title='bbox 512 4291 717 4359; x_wconf 89' lang='lat' dir='ltr'><strong>ammoniam</strong></span> <span class='ocrx_word' id='word_1_200' title='bbox 739 4292 887 4362; x_wconf 82' lang='lat' dir='ltr'><strong>afferens</strong></span> <span class='ocrx_word' id='word_1_201' title='bbox 908 4293 1042 4375; x_wconf 87' lang='lat' dir='ltr'><strong>redivit,</strong></span> <span class='ocrx_word' id='word_1_202' title='bbox 1063 4294 1107 4363; x_wconf 91' lang='lat' dir='ltr'><strong>ad</strong></span> <span class='ocrx_word' id='word_1_203' title='bbox 1128 4294 1377 4364; x_wconf 85' lang='lat' dir='ltr'><strong>sublevandum</strong></span> 
     </span>
    </p>
   </div>
   <div class='ocr_carea' id='block_1_3' title="bbox 369 4391 1378 4563">
    <p class='ocr_par' dir='ltr' id='par_1_12' title="bbox 369 4391 1378 4563">
     <span class='ocr_line' id='line_1_32' title="bbox 369 4391 1378 4476; baseline 0.006 -17"><span class='ocrx_word' id='word_1_204' title='bbox 369 4399 473 4473; x_wconf 91' lang='lat' dir='ltr'><strong>caput</strong></span> <span class='ocrx_word' id='word_1_205' title='bbox 488 4391 617 4473; x_wconf 81' lang='lat' dir='ltr'><strong>Rogers</strong></span> <span class='ocrx_word' id='word_1_206' title='bbox 632 4413 693 4473; x_wconf 91' lang='lat' dir='ltr'><strong>par</strong></span> <span class='ocrx_word' id='word_1_207' title='bbox 708 4413 812 4474; x_wconf 85' lang='lat' dir='ltr'><strong>eram,</strong></span> <span class='ocrx_word' id='word_1_208' title='bbox 827 4393 911 4462; x_wconf 90' lang='lat' dir='ltr'><strong>dum</strong></span> <span class='ocrx_word' id='word_1_209' title='bbox 934 4394 1042 4463; x_wconf 89' lang='lat' dir='ltr'><strong>Parks</strong></span> <span class='ocrx_word' id='word_1_210' title='bbox 1065 4394 1212 4476; x_wconf 90' lang='lat' dir='ltr'><strong>phialam</strong></span> <span class='ocrx_word' id='word_1_211' title='bbox 1237 4395 1378 4465; x_wconf 85' lang='lat' dir='ltr'><strong>naribus</strong></span> 
     </span>
     <span class='ocr_line' id='line_1_33' title="bbox 373 4490 658 4563; baseline 0.004 -2"><span class='ocrx_word' id='word_1_212' title='bbox 373 4490 448 4561; x_wconf 88' lang='lat' dir='ltr'><strong>eius</strong></span> <span class='ocrx_word' id='word_1_213' title='bbox 466 4491 658 4563; x_wconf 87' lang='lat' dir='ltr'><strong>adhibebat.</strong></span> 
     </span>
    </p>
   </div>
   <div class='ocr_carea' id='block_1_4' title="bbox 0 0 1598 5468">
    <p class='ocr_par' dir='ltr' id='par_1_13' title="bbox 0 0 1598 5468">
     <span class='ocr_line' id='line_1_34' title="bbox 0 0 1598 5468; baseline 0 0"><span class='ocrx_word' id='word_1_214' title='bbox 0 0 1598 5468; x_wconf 95' lang='lat' dir='ltr'><strong> </strong></span> 
     </span>
    </p>
   </div>
  </div>
 </body>
</html>
