3150 5468
552 1303 1025 1358 roomnncnsmxnnuun
1228 1285 1289 1355 193

369 1472 467 1552 “Quo
483 1479 635 1554 tempore
651 1494 819 1541 croscum
836 1478 1012 1554 exspectas
1023 1473 1036 1532 l
1046 1471 1066 1500 ”

370 1572 582 1654 “Aliquando
612 1572 872 1654 postmeridiem.
902 1571 1008 1640 Simul
1038 1578 1143 1653 atque
1172 1591 1286 1638 arcam

286 1673 433 1740 Vantine
457 1694 477 1740 a
500 1673 578 1741 navi
603 1673 788 1753 devexerit,
812 1672 981 1740 adveniet.
1004 1671 1096 1751 Heri,
1121 1671 1167 1738 mi
1203 1669 1290 1739 God-

289 1773 397 1853 frey,''
412 1772 582 1852 subiunxi,
598 1772 695 1841 “curn
711 1795 751 1840 eo
765 1773 950 1841 collocutus
965 1771 1127 1854 suspicari
1148 1769 1235 1852 coepi
1257 1769 1289 1838 ei

284 1874 358 1954 plus
368 1872 408 1941 de
418 1873 470 1941 his
479 1873 581 1942 rebus
589 1873 764 1955 cognitum
780 1895 852 1941 esse
868 1893 971 1954 quam
981 1871 1159 1940 enuntiare
1169 1871 1283 1939 vellet.

288 1974 383 2041 Clare
400 1973 570 2055 percipere
585 1982 737 2055 poteram
753 1995 832 2042 eum
848 1973 920 2055 ipso
935 1979 1107 2041 momento
1121 1971 1290 2041 divinasse

286 2075 384 2141 cuius
400 2074 464 2142 illae
479 2074 601 2142 litterae
616 2082 738 2155 essent,
755 2074 897 2156 quisque
920 2095 1039 2141 earum
1066 2080 1163 2141 tenor
1189 2080 1288 2141 esset.

292 2173 501 2255 Expedirene
516 2183 618 2256 putas
633 2183 673 2242 ut
687 2196 800 2243 arcam
817 2174 929 2256 paullo
946 2173 1079 2254 longius
1094 2172 1289 2240 detineam?

291 2273 342 2341 Ad
359 2273 392 2341 id
408 2274 602 2342 iaciendum
619 2275 802 2356 quamdam
817 2296 955 2342 causam
971 2272 1070 2342 facile
1085 2271 1291 2341 comminisci

293 2375 455 2456 possem.'’

373 2489 482 2570 “Quid
499 2492 646 2560 attinet?
662 2491 809 2560 Auferat
823 2513 936 2560 arcam
963 2489 1092 2570 suam,'’
1107 2488 1289 2570 respondet

289 2589 440 2672 Godirey
466 2591 640 2659 alacritate
665 2591 814 2673 quadam
840 2591 921 2658 mihi
948 2590 1086 2672 quidem
1112 2589 1206 2657 mira.
1237 2588 1291 2658 “si

289 2699 349 2757 tua
364 2690 405 2758 de
421 2691 539 2758 eadem
556 2692 725 2759 sententia
740 2691 806 2759 iam
822 2699 874 2759 est
889 2693 1036 2773 explosa,
1061 2689 1141 2772 quid
1166 2688 1289 2758 attinet

289 2791 318 2857 ei
335 2791 479 2858 ulterius
495 2791 680 2860 haerescere
688 2791 725 2858 ?''

375 2907 428 2975 “N
432 2929 469 2975 ec
485 2930 549 2987 ego
565 2908 597 2975 id
614 2907 771 2989 expedire
788 2909 902 2990 put0‚'’
914 2906 1093 2986 affirmavi,
1106 2905 1189 2974 “nisi
1202 2905 1292 2987 quod

293 3016 327 3075 te
342 3029 417 3075 earn
434 3008 580 3089 amplius
595 3009 768 3088 explorare
785 3009 871 3076 velle
886 3007 1152 3076 existimabam.”

378 3123 470 3192 “larn
488 3147 529 3192 ex
546 3126 714 3193 sententia
730 3147 804 3193 earn
822 3126 965 3194 rimatus
986 3125 1094 3206 sum,'’
1120 3123 1293 3206 respondit

292 3224 455 3306 Godirey,
481 3224 572 3292 unde
598 3247 731 3293 mecum
748 3232 907 3307 reputare
922 3225 1007 3307 coepi
1029 3246 1120 3293 nunc
1145 3223 1293 3307 primum

294 3346 330 3391 se
346 3324 475 3392 victum
491 3325 686 3392 confessum
702 3347 784 3394 esse.

377 3440 523 3509 “Sensus
538 3441 676 3523 quidam
690 3442 831 3510 intimus
845 3441 926 3509 mihi
953 3440 1097 3509 suadere
1123 3439 1293 3520 videtur,”

293 3541 422 3623 explico
438 3543 492 3621 illi,
509 3542 669 3610 “unicum
684 3564 746 3610 nos
761 3542 926 3610 Ariadnes
941 3541 1045 3622 filum,
1072 3541 1163 3623 quod
1179 3563 1221 3608 ex
1241 3540 1294 3608 his

293 3641 495 3722 ambagibus
511 3664 571 3709 nos
586 3642 729 3710 educere
745 3651 867 3723 posset,
879 3645 958 3710 arca
972 3641 1097 3711 tradita
1106 3640 1289 3710 dedituros.

293 3741 342 3809 Eo
359 3749 509 3810 nostram
525 3742 653 3810 cladem
669 3742 914 3823 agnoscimus?

379 3857 537 3927 “Minime
553 3859 740 3940 gentium,”
767 3859 960 3927 obtestatur
982 3858 1143 3940 Godirey.
1177 3856 1231 3927 “Si
1254 3857 1295 3926 de

294 3980 371 4026 arca
388 3959 469 4027 nihil
486 3959 631 4040 amplius
645 3968 801 4040 superest
815 3959 906 4041 quod
929 3959 1153 4041 exploremus
1168 3958 1223 4026 cui
1238 3958 1296 4025 bo·

295 4081 338 4127 no
354 4059 601 4128 detinebimus?
618 4058 749 4127 Habeat
770 4059 874 4128 herus
898 4059 1049 4127 Armand
1079 4058 1171 4140 quod
1193 4080 1295 4126 suum

291 4167 353 4227 est
388 4159 543 4227 Fortasse
569 4181 644 4227 cras
670 4167 704 4227 te
730 4160 961 4239 conveniam‚”
986 4158 1171 4240 subiunxit,
1202 4167 1238 4226 et
1260 4160 1295 4226 in

292 4281 397 4328 comu
414 4259 566 4341 proximo
581 4259 668 4327 alter
683 4261 778 4328 alteri
796 4260 1029 4328 valediximus.

376 4376 422 4444 At
438 4375 598 4457 postridie
614 4398 681 4444 non
699 4399 753 4444 me
768 4377 937 4445 convenit.
960 4377 1047 4444 Toto
1063 4397 1162 4444 mane
1186 4374 1294 4443 libens

292 4476 484 4558 exspectavi
497 4477 571 4543 iore
587 4484 626 4545 ut
642 4498 696 4544 me
710 4485 839 4557 evocet,
856 4476 914 4544 sed
931 4498 1038 4558 quum
1053 4477 1087 4544 id
1103 4498 1170 4544 non
1187 4475 1294 4555 fieret,

294 4598 354 4658 pro
369 4584 463 4645 certo
479 4576 642 4659 putabam
657 4598 712 4646 me
727 4599 807 4646 eum
831 4577 865 4645 in
891 4576 1022 4645 aedibus
1046 4576 1193 4645 Vantine
1214 4596 1293 4644 cum
