3128 5016
555 805 679 860 onnur
700 806 846 860 onanxu
868 807 1032 863 courum
1249 793 1291 868 5³

287 979 362 1044 erat
377 973 478 1043 solus.
499 972 692 1046 Simmonds
706 982 742 1046 et
766 975 976 1058 Goldberger
990 997 1071 1046 eum
1085 977 1291 1047 comitaban-

289 1081 355 1156 tur,
370 1094 518 1156 quorum
533 1075 652 1145 vultus
666 1075 855 1159 prodebant
869 1098 928 1146 eos
942 1075 1035 1146 haud
1049 1076 1162 1146 minus
1186 1098 1291 1160 quarn

288 1196 343 1244 me
357 1173 505 1256 agitatos
519 1195 558 1243 ac
573 1174 695 1245 dubios
718 1198 801 1246 esse.
834 1176 947 1245 Etiam
973 1176 1096 1246 tertius
1121 1176 1291 1259 quiscum

287 1274 328 1344 iis
342 1279 427 1355 erat,
443 1294 546 1356 quem
561 1296 626 1358 ego
641 1297 710 1344 non
725 1297 862 1358 noram;
874 1275 933 1345 sed
946 1297 1026 1345 mox
1041 1276 1194 1347 intellexi
1210 1298 1290 1347 eum

288 1372 580 1457 Freylinghuisen,
594 1375 764 1445 medicum
780 1375 958 1445 mortuarii
973 1397 1056 1445 esse.

367 1506 412 1576 Hi
442 1528 560 1578 omnes
588 1508 734 1579 cadaver
758 1510 989 1593 inspexemnt,
1005 1509 1287 1593 Freylinghuisen

287 1613 404 1678 autem
431 1606 576 1689 genibus
600 1608 713 1679 fultus
735 1631 876 1679 manum
900 1609 1048 1679 sauciam
1072 1609 1289 1693 inspiciebat;

287 1714 363 1778 tum
377 1707 475 1777 iuxta
489 1706 663 1778 doctorem
677 1708 821 1792 Hughes
836 1709 998 1792 consedit,
1022 1716 1058 1778 et
1083 1711 1198 1792 paullo
1212 1715 1290 1793 post

287 1829 345 1878 eos
358 1806 525 1877 submissa
540 1829 623 1878 voce
638 1809 782 1892 colloqui
803 1809 999 1879 audivimus
1014 1809 1112 1879 cuius
1126 1809 1290 1893 discepta-

286 1908 388 1978 tionis
402 1907 581 1977 materiam
596 1908 805 1979 substratam
819 1910 920 1979 facile
942 1909 1132 1980 coniectare
1157 1917 1290 1993 potera·

285 2030 372 2078 mus
402 2008 477 2090 Ego
502 2015 538 2077 et
562 2008 597 2078 id
620 2009 721 2079 facile
746 2010 904 2080 hariolari
931 2017 1085 2094 poteram
1109 2010 1151 2080 de
1167 2032 1236 2094 qua
1251 2032 1288 2080 re

286 2108 437 2190 Godfrey
467 2114 502 2176 et
533 2107 743 2192 Goldberger
766 2110 802 2179 in
827 2110 980 2180 ulteriori
1001 2111 1128 2193 angulo
1144 2110 1288 2180 disseru-

284 2207 389 2289 erint;
413 2213 567 2276 attamen
582 2207 696 2278 minus
718 2209 876 2279 hariolari
900 2209 1037 2293 quibam
1061 2231 1167 2292 quare
1189 2209 1288 2280 Gold-

284 2306 417 2390 berger,
433 2307 505 2376 loco
527 2307 655 2390 aliquid
681 2309 815 2392 agendi,
840 2331 976 2379 sursum
1001 2309 1227 2393 deorsumque
1252 2309 1287 2378 in

283 2407 435 2477 conclavi
449 2406 650 2490 ambularet,
675 2417 914 2493 mystacesque
941 2410 1114 2480 torsitaret
1137 2409 1287 2492 sollicite,

284 2514 319 2577 et
333 2506 579 2590 horologiolum
591 2509 694 2578 semel
705 2508 900 2592 iterumque
915 2515 1115 2592 aspectaret.
1129 2510 1287 2592 Aliquem

283 2613 480 2690 exspectare
494 2606 687 2690 videbatur,
702 2608 762 2678 sed
777 2631 845 2679 non
861 2617 942 2679 ante
956 2609 1106 2678 intellexi
1122 2631 1226 2692 quam
1237 2609 1286 2678 vi·

284 2707 370 2791 giuti
385 2707 519 2776 minuta
534 2715 620 2790 post
637 2709 714 2791 quis
728 2709 757 2779 is
772 2717 871 2780 esset.
905 2709 1048 2779 Foribus
1062 2717 1145 2779 tunc
1160 2709 1287 2792 apertis

283 2807 337 2877 vir
352 2807 490 2890 quidam
505 2807 721 2879 intromissus
736 2817 789 2879 est
804 2809 992 2881 humilioris
1007 2816 1160 2892 staturae,
1184 2810 1285 2879 vultu

284 2907 438 2989 rubente,
453 2907 569 2990 apissis
583 2908 797 2993 strictimque
811 2910 942 2993 putatis
952 2909 1170 2993 mystacibus,
1181 2909 1286 2979 oculis

283 3007 519 3089 residentibus,
545 3016 739 3092 praeterque
764 3009 1047 3080 consuetudinem
1073 3009 1286 3079 micantibus

284 3108 461 3191 Ingressus
474 3108 634 3178 conclave
645 3109 885 3192 circumspexit
898 3117 933 3179 et
948 3110 1070 3193 capitis
1081 3116 1171 3180 nutu
1184 3109 1284 3180 Gold-

284 3208 407 3291 berger
421 3209 645 3292 consalutato,
660 3210 915 3293 quaerebundus
929 3233 984 3280 me
998 3210 1160 3294 aspexit.”

366 3341 440 3411 “En
455 3341 510 3411 hic
525 3342 587 3412 tibi
603 3344 685 3413 sisto
701 3345 832 3414 Herum
848 3345 984 3426 Lester;
1007 3344 1165 3413 Delectus
1176 3343 1286 3413 Licto

284 3443 355 3512 rius
369 3441 515 3525 Grady,'’
531 3444 628 3513 fatur
650 3445 869 3528 Goldberger,
894 3466 1002 3528 quum
1027 3443 1174 3526 denique
1189 3444 1286 3513 intel·

281 3542 347 3612 lexi
362 3541 602 3612 administrum
618 3544 730 3627 ipsum
740 3544 907 3614 adecuria
918 3551 1083 3627 agentum
1095 3543 1285 3626 advenisse,

281 3651 322 3713 ut
336 3664 455 3712 casum
470 3649 582 3713 totum
598 3666 661 3714 sua
676 3645 711 3714 in
725 3666 870 3728 persona
885 3644 1148 3714 administraret.

363 3759 497 3830 “Herus
511 3760 640 3844 Lester,
654 3763 827 3832 consultor
837 3761 920 3832 iuris
928 3761 1001 3831 heri
1016 3760 1194 3844 Vantine,”
1207 3760 1286 3832 sub·

288 3861 402 3932 iunxit
417 3861 452 3930 in
468 3861 726 3943 explicationem
741 3862 957 3932 mortuarios.

280 4080 328 4151 cis
343 3977 510 4161 (Ξέἓὲιηί
526 3978 615 4048 Here
631 3979 762 4062 Lester,
776 3979 910 4049 novisse
925 3977 1090 4062 gaudeo?
1107 3977 1192 4048 dixit
1203 3999 1287 4062 pau·
