3128 5016
278 747 341 817 272
541 763 750 818 msmnruu
771 763 879 817 anca
900 756 1018 818 roura

278 931 344 1012 hi,”
370 930 542 1013 respondit
567 953 634 999 non
662 931 734 1000 sine
763 952 941 1000 sarcasmo.
964 930 1117 1000 “Notum
1140 929 1204 999 tibi
1226 936 1280 999 est

279 1031 409 1099 Drouet
424 1032 572 1101 occisum
588 1031 694 1100 fuisse
709 1031 792 1100 dum
807 1031 1009 1100 fasciculum
1034 1029 1211 1114 quaerebat
1225 1029 1279 1099 lit·

279 1139 441 1211 terarum,
458 1153 536 1212 quae
563 1138 756 1200 matronam
780 1130 965 1213 quamdam
991 1153 1034 1201 ex
1059 1129 1282 1213 optimatibus

277 1234 410 1300 summa
424 1231 602 1300 aflecturae
630 1239 730 1300 erant
759 1231 918 1312 infamia;
940 1252 1039 1314 aeque
1061 1231 1193 1300 clarum
1217 1228 1279 1299 tibi

278 1337 329 1398 est
358 1330 480 1398 herum
513 1331 661 1399 Vantine
687 1331 835 1400 occisum
860 1329 968 1400 tuisse
990 1352 1098 1414 quum
1124 1329 1279 1399 fomlum

278 1430 408 1511 aperire
425 1437 600 1511 tentasset,
616 1438 795 1512 postquam
810 1430 931 1499 ancilla
948 1429 1099 1499 eiusdem
1113 1436 1281 1499 matronae

278 1529 426 1610 illustris,
442 1529 523 1611 quid
540 1531 693 1599 occultus
707 1530 842 1599 forulus
856 1531 982 1599 celaret
995 1528 1209 1612 prodidisset,
1224 1537 1279 1599 ut-

279 1637 357 1711 pote
384 1651 462 1711 quae
487 1630 665 1711 praemium
691 1629 755 1698 sibi
780 1629 902 1698 mereri
928 1629 1150 1712 speravisset;
1172 1629 1279 1699 More!

278 1737 394 1797 autem
424 1751 528 1798 manu
558 1730 664 1810 ipsius
693 1729 864 1799 Crochard
889 1736 999 1798 morte
1012 1729 1134 1812 plexus
1146 1736 1183 1798 et
1197 1750 1281 1813 quo-

278 1829 369 1896 niam
386 1829 541 1910 proditur
554 1830 633 1910 fuit,
648 1838 752 1911 atque
767 1829 969 1911 supplicium
984 1827 1142 1898 meruit”

362 1929 594 1998 Admiratione
610 1930 719 2010 magis
733 1930 912 2011 magisque
927 1935 1057 2010 captus,
1073 1927 1180 1998 oculis
1204 1927 1281 1997 fixis

279 2050 357 2096 eum
373 2029 539 2097 intuebar.
563 2029 743 2109 Quodnam
765 2035 935 2097 secretum
959 2049 1031 2110 prae
1055 2026 1120 2097 isto
1142 2027 1279 2097 homine

279 2127 366 2196 miro
381 2136 495 2197 tutum
512 2151 584 2197 esse
600 2128 727 2210 possit?
748 2150 866 2210 quaero
886 2149 908 2196 a
931 2149 988 2196 me
1013 2127 1096 2210 ipso.
1118 2127 1192 2196 Aut
1211 2128 1280 2196 for·

279 2236 368 2296 tasse
394 2229 481 2296 hanc
507 2250 603 2297 suam
628 2228 803 2297 historiam
828 2249 848 2296 e
873 2227 1078 2310 fragmentis
1103 2225 1166 2296 sibi
1191 2226 1281 2296 notis

279 2327 541 2397 consarcinavit?

363 2427 429 2496 “At
445 2450 487 2496 ne
503 2450 594 2497 nunc
610 2428 778 2510 quidem,”
793 2426 944 2496 balbutio
965 2448 1040 2508 ego,
1056 2424 1133 2496 “res
1146 2425 1230 2495 mihi
1244 2425 1278 2495 in

279 2528 368 2596 claro
382 2535 444 2596 est.
456 2529 588 2610 Nempe
604 2550 666 2596 nos
680 2529 850 2596 occultum
865 2526 1019 2595 fomlum
1033 2524 1280 2608 aperuimus—

280 2629 412 2696 nullum
438 2628 483 2697 ibi
509 2635 583 2696 erat
609 2649 790 2696 venenum.
817 2628 881 2710 Qui
907 2633 983 2695 tum
999 2633 1134 2709 poterat
1149 2626 1280 2696 Drouet

282 2729 472 2810 herumque
487 2728 634 2797 Vantine
652 2728 816 2810 perimere
825 2727 862 2796 ?”

363 2828 525 2909 “Facile''
541 2829 665 2909 frigide
680 2827 852 2910 respondit
868 2827 972 2896 herus
986 2826 1096 2909 Pigot.
1129 2825 1281 2896 “Drouet

280 2937 383 3010 atque
399 2928 502 2996 herus
519 2928 664 2996 Vantine
679 2934 822 2996 mortem
844 2927 1098 3009 oppetiverunt,
1120 2925 1202 3008 quia
1221 2947 1281 2995 an·

280 3029 354 3097 cilla
369 3036 534 3096 matronae
548 3028 711 3109 Principis
734 3049 777 3095 ex
802 3048 915 3095 errore
936 3027 1060 3095 laevam
1083 3047 1163 3096 cum
1188 3033 1282 3096 recta

281 3151 385 3198 manu
401 3128 621 3196 commiscuit.
645 3128 788 3197 Forulos
802 3126 860 3209 qui
876 3126 1007 3195 litteras
1021 3125 1152 3195 celabat
1167 3124 1211 3195 ad
1226 3126 1283 3196 la>

281 3251 364 3298 vum
379 3250 467 3297 arcae
483 3235 534 3296 est
550 3262 591 3272 -
606 3227 680 3308 en,''
696 3248 764 3308 quo
779 3227 869 3295 dicto
884 3233 982 3295 tema
1005 3225 1166 3309 choragia
1190 3246 1283 3309 pres·

281 3329 334 3410 sit,
363 3327 517 3396 ansulam
553 3327 743 3408 prehendit,
779 3326 1000 3409 forulumque
1035 3325 1170 3395 evulsit.
1213 3324 1284 3396 “Ut

281 3427 506 3498 animadverti
523 3426 609 3507 licet,
625 3426 749 3495 litterae
763 3426 887 3495 ablatae
911 3433 1002 3507 sunt,
1026 3424 1187 3508 quoniam
1208 3424 1283 3509 ipsa

282 3536 436 3597 matrona
452 3527 613 3607 Princeps
628 3527 778 3594 fomlurn
793 3525 937 3608 aperuit,
953 3525 1151 3608 litterasque
1166 3546 1282 3595 coram

282 3629 363 3696 hero
379 3628 497 3696 Lester
512 3626 674 3695 subduxit
696 3647 803 3707 quum
819 3648 859 3694 ea
874 3632 963 3695 esset
976 3625 1066 3694 illius
1088 3624 1285 3695 humanitas

283 3737 321 3798 ut
337 3728 579 3810 possessionem
596 3726 787 3795 litterarum
804 3726 849 3795 illi
865 3725 1068 3795 indulsisset.
1085 3727 1215 3795 Vemm
1231 3726 1284 3795 io·

284 3830 387 3909 ruluS,
403 3849 505 3910 quem
522 3827 651 3894 Drouet
666 3833 701 3894 et
715 3826 820 3894 herus
833 3825 980 3895 Vantine
994 3826 1233 3907 aperuerant‚”
1246 3831 1284 3896 et

283 3952 373 3999 nunc
389 3951 455 3997 vox
471 3927 544 3996 eius
559 3949 629 4010 prae
640 3949 773 3995 summo
781 3925 884 3994 animi
897 3932 1004 4006 motu,
1016 3946 1124 4008 quum
1134 3924 1177 3994 ad
1189 3924 1283 3997 istud

282 4031 415 4101 culmen
446 4035 658 4112 pervenerat,
689 4026 902 4109 aliquantum
930 4025 1073 4096 stridere
1097 4024 1212 4110 eoepit,
1241 4024 1284 4097 “a
