3150 5468
714 1287 900 1345 manorum
1243 1276 1307 1348 213

304 1477 371 1538 oue
387 1455 597 1525 uberrimum
614 1456 690 1525 solis
706 1457 927 1539 pomeridiani
944 1459 1060 1530 lumen
1075 1460 1223 1530 immisit
1253 1460 1308 1531 ln·

305 1556 347 1625 de
362 1556 404 1626 ad
421 1557 567 1626 cadaver
582 1578 781 1638 progressus
805 1557 838 1626 in
862 1580 974 1640 genua
1000 1580 1037 1629 se
1062 1559 1207 1642 demisit,
1236 1581 1306 1631 ma·

303 1678 456 1738 numque
470 1656 625 1725 dextram
640 1655 784 1726 flexilem
806 1657 982 1728 cadaveris
996 1658 1040 1728 ad
1056 1659 1304 1730 ostendendum

303 1757 399 1825 nobis
415 1756 550 1824 levavit

387 1857 512 1925 Parum
527 1877 630 1938 supra
645 1855 830 1938 digitorum
846 1857 1022 1928 iuncturas
1047 1859 1178 1942 pusillae
1203 1867 1302 1931 erunt

303 1964 483 2039 puncturae
506 1956 594 2036 duae,
620 1957 736 2038 paucis
761 1958 909 2039 guttulis
931 1959 1108 2041 sanguinis
1133 1959 1211 2029 inde
1233 1980 1305 2030 ma·

303 2057 473 2136 nantibus,
483 2077 561 2125 caro
569 2055 881 2127 autemincircuitu
893 2065 966 2127 erat
976 2057 1108 2128 tumida
1116 2065 1151 2128 et
1161 2058 1305 2129 decolori

384 2155 494 2224 “Novi
519 2177 584 2237 ego
610 2157 726 2224 statim
756 2178 864 2238 quum
879 2157 1038 2227 clamavit
1058 2157 1192 2239 ‘Mors'
1213 2161 1236 2191 ''
1254 2158 1303 2229 ait

304 2257 454 2337 Godfrey
471 2277 594 2338 presse,
610 2255 712 2337 “quid
721 2255 753 2324 id
766 2256 981 2339 significaret.
998 2258 1073 2341 lpse
1088 2280 1226 2342 quoque
1240 2280 1300 2328 no-

300 2358 350 2425 vit
366 2356 465 2424 simul
482 2363 585 2437 atque
601 2355 705 2425 ictum
721 2357 835 2425 sensit.
859 2356 975 2426 Palam
991 2365 1043 2427 est
1069 2379 1149 2428 eum
1174 2357 1207 2427 id
1233 2358 1301 2430 iam

299 2465 400 2525 antea
416 2455 548 2536 vidisse,
564 2463 625 2524 aut
640 2455 682 2524 de
698 2477 738 2524 eo
753 2456 933 2537 audivisse,
960 2457 1126 2541 scivitque
1152 2457 1186 2527 id
1211 2457 1302 2528 subi·

300 2567 433 2624 taneam
451 2556 609 2624 nuntiare
624 2556 799 2624 mortem.”

381 2656 522 2725 Conscdi
540 2656 655 2737 itaque
671 2655 775 2724 oculis
805 2655 838 2724 in
864 2664 1038 2725 mortuum
1060 2656 1188 2739 defixis,
1210 2657 1300 2728 vole·

298 2757 442 2838 bamque
459 2756 609 2823 animum
625 2754 790 2835 colligere.
814 2755 905 2836 Ergo
920 2755 983 2824 iste
998 2757 1208 2839 malefactor,
1219 2756 1297 2828 Orci

297 2857 483 2939 progenies,
500 2856 558 2937 qui
575 2877 706 2923 veneno
721 2855 766 2922 sic
782 2854 891 2935 caedit,
915 2856 949 2923 in
973 2855 1104 2925 aedibus
1128 2856 1300 2928 delitesce·

298 2958 354 3025 bat
373 2958 529 3036 Vantine,
545 2979 583 3024 ac
599 2955 744 3037 primum
762 2955 889 3024 Drouet
917 2956 1019 3036 feriit,
1044 2956 1165 3026 deinde
1186 2957 1298 3040 ipsum

297 3058 420 3125 aedium
445 3055 638 3124 dominum!
671 3056 717 3123 At
739 3076 801 3122 cur
826 3090 866 3099 —
892 3055 1053 3124 curnam!
1076 3055 1113 3125 ld
1129 3056 1218 3126 credi
1240 3078 1299 3127 ne·

295 3157 423 3239 quibat,
440 3156 572 3224 lacinus
588 3163 711 3237 praeter
735 3154 846 3235 fidem,
871 3177 967 3224 mens
992 3155 1073 3224 mihi
1097 3155 1130 3225 in
1156 3155 1296 3240 vertigi-

296 3280 372 3325 nem
388 3257 556 3338 agebatur
572 3255 642 3336 ipsa
658 3254 872 3336 cogitatione.
896 3255 940 3324 Et
956 3263 1069 3324 tamen
1086 3255 1149 3326 hoc
1173 3278 1295 3327 verum

296 3380 368 3426 esse
384 3364 528 3439 oportet.

380 3456 520 3538 Respexi
537 3455 661 3523 iterum
678 3455 711 3522 in
728 3454 863 3523 tertiam
879 3454 1062 3536 victimam,
1085 3454 1223 3538 vidique
1239 3454 1297 3526 ho·

296 3559 419 3625 minem
436 3556 510 3624 rudi
527 3555 665 3634 vestitu,
682 3555 851 3623 uberrime
868 3554 966 3636 nigro
980 3562 1162 3636 comatum,
1177 3555 1298 3625 coniu-

295 3680 399 3739 saque
426 3656 529 3724 barba
559 3655 795 3737 conspicuum
829 3663 902 3723 erat
927 3662 1044 3723 autem
1066 3655 1167 3724 homo
1191 3676 1296 3738 prope

294 3759 454 3839 gigantea
481 3763 622 3836 statura,
647 3755 705 3837 qui
731 3754 859 3823 viribus
882 3755 1070 3823 necessario
1100 3754 1296 3838 ingentibus

295 3858 439 3940 pollebat
457 3865 675 3924 —ettamen
693 3855 747 3922 bae
761 3862 880 3923 contra
895 3855 1081 3923 minutulas
1107 3876 1170 3924 acu
1197 3855 1294 3924 lassu·

296 3959 396 4025 rasin
415 3979 517 4024 manu
536 3977 673 4037 prorsus
689 3955 770 4024 nibil
788 3955 1017 4037 proiecerunt.

375 4059 464 4126 Tum
481 4057 593 4125 subita
607 4056 768 4137 cogitatio
784 4077 838 4123 me
853 4054 895 4123 ad
913 4055 1015 4136 pedes
1029 4054 1221 4124 concitavit

376 4158 442 4226 “At
465 4180 546 4225 vero
569 4156 762 4224 Armand!”
792 4155 901 4224 clamo
931 4176 1006 4237 ego.
1042 4153 1211 4224 “Ubinam
1241 4161 1294 4224 est

293 4258 489 4327 Armandl'’

374 4358 525 4439 Godfrey
542 4357 649 4425 veluti
665 4357 921 4425 commiseratus
936 4353 1012 4434 mei,
1039 4352 1217 4423 subridens
1237 4374 1293 4423 me

291 4460 431 4542 aspexit.

375 4559 502 4641 “Ebeu,
519 4556 677 4627 lester!”
689 4556 873 4641 alloquitur
886 4581 953 4643 me,
969 4557 1034 4629 “ue
1048 4557 1140 4628 hunc
1155 4555 1292 4642 quidem
