<?xml version="1.0" encoding="UTF-8"?>
<!DOCTYPE html PUBLIC "-//W3C//DTD XHTML 1.0 Transitional//EN"
    "http://www.w3.org/TR/xhtml1/DTD/xhtml1-transitional.dtd">
<html xmlns="http://www.w3.org/1999/xhtml" xml:lang="en" lang="en">
 <head>
  <title>
</title>
<meta http-equiv="Content-Type" content="text/html;charset=utf-8" />
  <meta name='ocr-system' content='tesseract 3.04.00' />
  <meta name='ocr-capabilities' content='ocr_page ocr_carea ocr_par ocr_line ocrx_word'/>
</head>
<body>
  <div class='ocr_page' id='page_1' title='image "./mysteriumarcbou00stevgoog/mysteriumarcbou00stevgoog_0105.png"; bbox 0 0 3128 5016; ppageno 0'>
   <div class='ocr_carea' id='block_1_1' title="bbox 525 753 1168 826">
    <p class='ocr_par' dir='ltr' id='par_1_1' title="bbox 525 753 1168 826">
     <span class='ocr_line' id='line_1_1' title="bbox 525 753 1168 826; baseline -0.002 -3"><span class='ocrx_word' id='word_1_1' title='bbox 525 769 814 826; x_wconf 76' lang='lat' dir='ltr'>nnmomnours</span> <span class='ocrx_word' id='word_1_2' title='bbox 1126 753 1168 823; x_wconf 85' lang='lat'>93</span> 
     </span>
    </p>
   </div>
   <div class='ocr_carea' id='block_1_2' title="bbox 170 934 1171 1220">
    <p class='ocr_par' dir='ltr' id='par_1_2' title="bbox 170 934 1171 1220">
     <span class='ocr_line' id='line_1_2' title="bbox 172 934 1171 1021; baseline -0.004 -15"><span class='ocrx_word' id='word_1_3' title='bbox 172 959 258 1019; x_wconf 91' lang='lat' dir='ltr'>rum,</span> <span class='ocrx_word' id='word_1_4' title='bbox 274 938 419 1007; x_wconf 92' lang='lat' dir='ltr'>hominis</span> <span class='ocrx_word' id='word_1_5' title='bbox 434 938 625 1021; x_wconf 85' lang='lat' dir='ltr'>indolentis,</span> <span class='ocrx_word' id='word_1_6' title='bbox 650 939 709 1021; x_wconf 90' lang='lat' dir='ltr'>qui</span> <span class='ocrx_word' id='word_1_7' title='bbox 725 938 760 1007; x_wconf 94' lang='lat' dir='ltr'>in</span> <span class='ocrx_word' id='word_1_8' title='bbox 774 939 869 1008; x_wconf 92' lang='lat' dir='ltr'>nulla</span> <span class='ocrx_word' id='word_1_9' title='bbox 893 959 962 1007; x_wconf 93' lang='lat' dir='ltr'>non</span> <span class='ocrx_word' id='word_1_10' title='bbox 989 934 1171 1019; x_wconf 90' lang='lat' dir='ltr'>turpitudi-</span> 
     </span>
     <span class='ocr_line' id='line_1_3' title="bbox 170 1037 1169 1121; baseline -0.003 -15"><span class='ocrx_word' id='word_1_11' title='bbox 170 1037 223 1106; x_wconf 89' lang='lat' dir='ltr'>nis</span> <span class='ocrx_word' id='word_1_12' title='bbox 238 1037 438 1121; x_wconf 82' lang='lat' dir='ltr'>fraudisque</span> <span class='ocrx_word' id='word_1_13' title='bbox 453 1039 521 1107; x_wconf 91' lang='lat' dir='ltr'>ima</span> <span class='ocrx_word' id='word_1_14' title='bbox 536 1037 739 1108; x_wconf 84' lang='lat' dir='ltr'>descendere</span> <span class='ocrx_word' id='word_1_15' title='bbox 750 1046 890 1121; x_wconf 90' lang='lat' dir='ltr'>paratus</span> <span class='ocrx_word' id='word_1_16' title='bbox 901 1060 973 1107; x_wconf 88' lang='lat' dir='ltr'>esse</span> <span class='ocrx_word' id='word_1_17' title='bbox 985 1037 1169 1106; x_wconf 90' lang='lat' dir='ltr'>videretur.</span> 
     </span>
     <span class='ocr_line' id='line_1_4' title="bbox 171 1137 660 1220; baseline 0.004 -14"><span class='ocrx_word' id='word_1_18' title='bbox 171 1137 245 1220; x_wconf 83' lang='lat' dir='ltr'>Ego</span> <span class='ocrx_word' id='word_1_19' title='bbox 260 1140 381 1208; x_wconf 90' lang='lat' dir='ltr'>saltem</span> <span class='ocrx_word' id='word_1_20' title='bbox 396 1138 443 1208; x_wconf 90' lang='lat' dir='ltr'>sic</span> <span class='ocrx_word' id='word_1_21' title='bbox 458 1138 660 1208; x_wconf 83' lang='lat' dir='ltr'>existimavi.</span> 
     </span>
    </p>
   </div>
   <div class='ocr_carea' id='block_1_3' title="bbox 169 1253 1171 1640">
    <p class='ocr_par' dir='ltr' id='par_1_3' title="bbox 169 1253 1171 1640">
     <span class='ocr_line' id='line_1_5' title="bbox 254 1253 1168 1334; baseline -0.003 -10"><span class='ocrx_word' id='word_1_22' title='bbox 254 1253 309 1326; x_wconf 87' lang='lat' dir='ltr'>“ls</span> <span class='ocrx_word' id='word_1_23' title='bbox 334 1256 417 1325; x_wconf 92' lang='lat' dir='ltr'>mihi</span> <span class='ocrx_word' id='word_1_24' title='bbox 442 1263 535 1326; x_wconf 90' lang='lat' dir='ltr'>certe</span> <span class='ocrx_word' id='word_1_25' title='bbox 561 1255 639 1326; x_wconf 89' lang='lat' dir='ltr'>imae</span> <span class='ocrx_word' id='word_1_26' title='bbox 665 1257 765 1326; x_wconf 92' lang='lat' dir='ltr'>sortis</span> <span class='ocrx_word' id='word_1_27' title='bbox 790 1255 891 1325; x_wconf 93' lang='lat' dir='ltr'>homo</span> <span class='ocrx_word' id='word_1_28' title='bbox 912 1278 985 1325; x_wconf 90' lang='lat' dir='ltr'>esse</span> <span class='ocrx_word' id='word_1_29' title='bbox 1000 1255 1168 1334; x_wconf 88' lang='lat' dir='ltr'>videtur,”</span> 
     </span>
     <span class='ocr_line' id='line_1_6' title="bbox 169 1355 1171 1439; baseline -0.002 -15"><span class='ocrx_word' id='word_1_30' title='bbox 169 1377 224 1424; x_wconf 92' lang='lat' dir='ltr'>me</span> <span class='ocrx_word' id='word_1_31' title='bbox 240 1357 425 1426; x_wconf 90' lang='lat' dir='ltr'>observans</span> <span class='ocrx_word' id='word_1_32' title='bbox 440 1356 488 1427; x_wconf 86' lang='lat' dir='ltr'>ait</span> <span class='ocrx_word' id='word_1_33' title='bbox 503 1356 663 1439; x_wconf 89' lang='lat' dir='ltr'>Godfrey.</span> <span class='ocrx_word' id='word_1_34' title='bbox 702 1356 853 1438; x_wconf 84' lang='lat' dir='ltr'><strong>“Aliquis</strong></span> <span class='ocrx_word' id='word_1_35' title='bbox 879 1356 1105 1438; x_wconf 90' lang='lat' dir='ltr'>parasitorum</span> <span class='ocrx_word' id='word_1_36' title='bbox 1129 1355 1171 1422; x_wconf 91' lang='lat' dir='ltr'>si-</span> 
     </span>
     <span class='ocr_line' id='line_1_7' title="bbox 169 1456 1170 1539; baseline -0.001 -15"><span class='ocrx_word' id='word_1_37' title='bbox 169 1478 213 1525; x_wconf 93' lang='lat' dir='ltr'>ne</span> <span class='ocrx_word' id='word_1_38' title='bbox 229 1457 344 1526; x_wconf 91' lang='lat' dir='ltr'>labore</span> <span class='ocrx_word' id='word_1_39' title='bbox 359 1464 394 1526; x_wconf 90' lang='lat' dir='ltr'>et</span> <span class='ocrx_word' id='word_1_40' title='bbox 410 1464 556 1539; x_wconf 85' lang='lat' dir='ltr'>uuaestu,</span> <span class='ocrx_word' id='word_1_41' title='bbox 572 1457 630 1539; x_wconf 86' lang='lat' dir='ltr'>qui</span> <span class='ocrx_word' id='word_1_42' title='bbox 647 1457 782 1525; x_wconf 89' lang='lat' dir='ltr'>Parisiis</span> <span class='ocrx_word' id='word_1_43' title='bbox 797 1456 889 1525; x_wconf 91' lang='lat' dir='ltr'>haud</span> <span class='ocrx_word' id='word_1_44' title='bbox 906 1456 972 1524; x_wconf 87' lang='lat' dir='ltr'>rari</span> <span class='ocrx_word' id='word_1_45' title='bbox 989 1462 1079 1525; x_wconf 91' lang='lat' dir='ltr'>sunt.</span> <span class='ocrx_word' id='word_1_46' title='bbox 1106 1456 1170 1524; x_wconf 88' lang='lat' dir='ltr'>Ta·</span> 
     </span>
     <span class='ocr_line' id='line_1_8' title="bbox 169 1556 961 1640; baseline -0.001 -15"><span class='ocrx_word' id='word_1_47' title='bbox 169 1556 336 1626; x_wconf 87' lang='lat' dir='ltr'>bernariae</span> <span class='ocrx_word' id='word_1_48' title='bbox 350 1566 386 1626; x_wconf 93' lang='lat' dir='ltr'>et</span> <span class='ocrx_word' id='word_1_49' title='bbox 401 1557 531 1627; x_wconf 87' lang='lat' dir='ltr'>ancillae</span> <span class='ocrx_word' id='word_1_50' title='bbox 545 1557 711 1640; x_wconf 87' lang='lat' dir='ltr'>proclives</span> <span class='ocrx_word' id='word_1_51' title='bbox 725 1558 760 1625; x_wconf 91' lang='lat' dir='ltr'>in</span> <span class='ocrx_word' id='word_1_52' title='bbox 775 1578 833 1626; x_wconf 90' lang='lat' dir='ltr'>eos</span> <span class='ocrx_word' id='word_1_53' title='bbox 848 1557 961 1625; x_wconf 90' lang='lat' dir='ltr'>sunt.”</span> 
     </span>
    </p>
   </div>
   <div class='ocr_carea' id='block_1_4' title="bbox 169 1673 1170 1960">
    <p class='ocr_par' dir='ltr' id='par_1_4' title="bbox 169 1673 1170 1960">
     <span class='ocr_line' id='line_1_9' title="bbox 254 1673 1170 1756; baseline -0.003 -13"><span class='ocrx_word' id='word_1_54' title='bbox 254 1673 379 1743; x_wconf 84' lang='lat' dir='ltr'>“Recte</span> <span class='ocrx_word' id='word_1_55' title='bbox 396 1682 430 1744; x_wconf 92' lang='lat' dir='ltr'>te</span> <span class='ocrx_word' id='word_1_56' title='bbox 456 1675 624 1744; x_wconf 65' lang='lat' dir='ltr'>aestimare</span> <span class='ocrx_word' id='word_1_57' title='bbox 650 1676 801 1756; x_wconf 90' lang='lat' dir='ltr'>censeo,&#39;&#39;</span> <span class='ocrx_word' id='word_1_58' title='bbox 827 1673 960 1743; x_wconf 88' lang='lat' dir='ltr'>affirmo</span> <span class='ocrx_word' id='word_1_59' title='bbox 986 1696 1069 1755; x_wconf 87' lang='lat' dir='ltr'>ego:</span> <span class='ocrx_word' id='word_1_60' title='bbox 1092 1673 1170 1741; x_wconf 88' lang='lat' dir='ltr'>“ve-</span> 
     </span>
     <span class='ocr_line' id='line_1_10' title="bbox 169 1774 1169 1857; baseline -0.001 -15"><span class='ocrx_word' id='word_1_61' title='bbox 169 1783 374 1855; x_wconf 89' lang='lat' dir='ltr'>rumtamen‚</span> <span class='ocrx_word' id='word_1_62' title='bbox 390 1776 417 1844; x_wconf 94' lang='lat' dir='ltr'>si</span> <span class='ocrx_word' id='word_1_63' title='bbox 434 1775 508 1844; x_wconf 90' lang='lat' dir='ltr'>eius</span> <span class='ocrx_word' id='word_1_64' title='bbox 523 1776 592 1845; x_wconf 83' lang='lat' dir='ltr'>fuit</span> <span class='ocrx_word' id='word_1_65' title='bbox 615 1776 725 1856; x_wconf 90' lang='lat' dir='ltr'>sortis,</span> <span class='ocrx_word' id='word_1_66' title='bbox 749 1775 937 1857; x_wconf 84' lang='lat' dir='ltr'>perspicere</span> <span class='ocrx_word' id='word_1_67' title='bbox 964 1774 1056 1843; x_wconf 92' lang='lat' dir='ltr'>haud</span> <span class='ocrx_word' id='word_1_68' title='bbox 1081 1796 1169 1855; x_wconf 84' lang='lat' dir='ltr'>queo</span> 
     </span>
     <span class='ocr_line' id='line_1_11' title="bbox 169 1874 1169 1960; baseline -0.001 -17"><span class='ocrx_word' id='word_1_69' title='bbox 169 1875 250 1958; x_wconf 87' lang='lat' dir='ltr'>quid</span> <span class='ocrx_word' id='word_1_70' title='bbox 267 1876 395 1957; x_wconf 86' lang='lat' dir='ltr'>negotii</span> <span class='ocrx_word' id='word_1_71' title='bbox 409 1877 441 1946; x_wconf 91' lang='lat' dir='ltr'>ei</span> <span class='ocrx_word' id='word_1_72' title='bbox 455 1899 535 1945; x_wconf 94' lang='lat' dir='ltr'>cum</span> <span class='ocrx_word' id='word_1_73' title='bbox 552 1876 706 1960; x_wconf 92' lang='lat' dir='ltr'>Philippo</span> <span class='ocrx_word' id='word_1_74' title='bbox 721 1876 868 1944; x_wconf 91' lang='lat' dir='ltr'>Vantine</span> <span class='ocrx_word' id='word_1_75' title='bbox 892 1897 965 1944; x_wconf 89' lang='lat' dir='ltr'>esse</span> <span class='ocrx_word' id='word_1_76' title='bbox 988 1874 1169 1958; x_wconf 88' lang='lat' dir='ltr'>potuerit.”</span> 
     </span>
    </p>
   </div>
   <div class='ocr_carea' id='block_1_5' title="bbox 168 1993 1168 2279">
    <p class='ocr_par' dir='ltr' id='par_1_5' title="bbox 168 1993 1168 2279">
     <span class='ocr_line' id='line_1_12' title="bbox 253 1993 1167 2076; baseline -0.003 -13"><span class='ocrx_word' id='word_1_77' title='bbox 253 1993 346 2063; x_wconf 87' lang='lat' dir='ltr'>“Nec</span> <span class='ocrx_word' id='word_1_78' title='bbox 372 2015 455 2076; x_wconf 85' lang='lat' dir='ltr'>ego;</span> <span class='ocrx_word' id='word_1_79' title='bbox 488 2016 610 2064; x_wconf 90' lang='lat' dir='ltr'>verum</span> <span class='ocrx_word' id='word_1_80' title='bbox 636 2002 671 2063; x_wconf 89' lang='lat' dir='ltr'>et</span> <span class='ocrx_word' id='word_1_81' title='bbox 696 1994 771 2063; x_wconf 88' lang='lat' dir='ltr'>aliae</span> <span class='ocrx_word' id='word_1_82' title='bbox 800 2016 854 2063; x_wconf 89' lang='lat' dir='ltr'>res</span> <span class='ocrx_word' id='word_1_83' title='bbox 878 1995 1069 2076; x_wconf 88' lang='lat' dir='ltr'>complures</span> <span class='ocrx_word' id='word_1_84' title='bbox 1084 2000 1167 2061; x_wconf 92' lang='lat' dir='ltr'>sunt</span> 
     </span>
     <span class='ocr_line' id='line_1_13' title="bbox 168 2093 1168 2178; baseline -0.003 -15"><span class='ocrx_word' id='word_1_85' title='bbox 168 2116 254 2176; x_wconf 87' lang='lat' dir='ltr'>quas</span> <span class='ocrx_word' id='word_1_86' title='bbox 269 2094 361 2164; x_wconf 90' lang='lat' dir='ltr'>haud</span> <span class='ocrx_word' id='word_1_87' title='bbox 377 2095 454 2178; x_wconf 91' lang='lat' dir='ltr'>plus</span> <span class='ocrx_word' id='word_1_88' title='bbox 468 2096 573 2177; x_wconf 90' lang='lat' dir='ltr'>capio.</span> <span class='ocrx_word' id='word_1_89' title='bbox 590 2095 716 2164; x_wconf 83' lang='lat' dir='ltr'>Omnes</span> <span class='ocrx_word' id='word_1_90' title='bbox 731 2117 792 2164; x_wconf 91' lang='lat' dir='ltr'>nos</span> <span class='ocrx_word' id='word_1_91' title='bbox 807 2094 1018 2175; x_wconf 77' lang='lat' dir='ltr'>coecutimus</span> <span class='ocrx_word' id='word_1_92' title='bbox 1030 2093 1076 2161; x_wconf 92' lang='lat' dir='ltr'>mi</span> <span class='ocrx_word' id='word_1_93' title='bbox 1089 2093 1168 2161; x_wconf 91' lang='lat' dir='ltr'>Les·</span> 
     </span>
     <span class='ocr_line' id='line_1_14' title="bbox 170 2195 999 2279; baseline -0.002 -15"><span class='ocrx_word' id='word_1_94' title='bbox 170 2203 243 2275; x_wconf 88' lang='lat' dir='ltr'>ter;</span> <span class='ocrx_word' id='word_1_95' title='bbox 265 2195 337 2265; x_wconf 87' lang='lat' dir='ltr'>haec</span> <span class='ocrx_word' id='word_1_96' title='bbox 354 2196 587 2279; x_wconf 79' lang='lat' dir='ltr'>reputastine?</span> <span class='ocrx_word' id='word_1_97' title='bbox 608 2196 752 2264; x_wconf 89' lang='lat' dir='ltr'>Prorsus</span> <span class='ocrx_word' id='word_1_98' title='bbox 767 2195 999 2266; x_wconf 88' lang='lat' dir='ltr'>coecutimus.&#39;’</span> 
     </span>
    </p>
   </div>
   <div class='ocr_carea' id='block_1_6' title="bbox 251 2311 958 2396">
    <p class='ocr_par' dir='ltr' id='par_1_6' title="bbox 251 2311 958 2396">
     <span class='ocr_line' id='line_1_15' title="bbox 251 2311 958 2396; baseline -0.001 -14"><span class='ocrx_word' id='word_1_99' title='bbox 251 2311 428 2396; x_wconf 82' lang='lat' dir='ltr'>“Cogitavi</span> <span class='ocrx_word' id='word_1_100' title='bbox 444 2312 486 2383; x_wconf 90' lang='lat' dir='ltr'>de</span> <span class='ocrx_word' id='word_1_101' title='bbox 501 2334 542 2382; x_wconf 90' lang='lat' dir='ltr'>ea</span> <span class='ocrx_word' id='word_1_102' title='bbox 556 2314 624 2395; x_wconf 88' lang='lat' dir='ltr'>re,&#39;&#39;</span> <span class='ocrx_word' id='word_1_103' title='bbox 640 2312 797 2395; x_wconf 88' lang='lat' dir='ltr'>respondi</span> <span class='ocrx_word' id='word_1_104' title='bbox 813 2312 958 2383; x_wconf 88' lang='lat' dir='ltr'>tractim.</span> 
     </span>
    </p>
   </div>
   <div class='ocr_carea' id='block_1_7' title="bbox 166 2429 1171 3417">
    <p class='ocr_par' dir='ltr' id='par_1_7' title="bbox 166 2429 1171 3417">
     <span class='ocr_line' id='line_1_16' title="bbox 252 2429 1169 2512; baseline -0.002 -13"><span class='ocrx_word' id='word_1_105' title='bbox 252 2429 357 2512; x_wconf 88' lang='lat' dir='ltr'>“Quis</span> <span class='ocrx_word' id='word_1_106' title='bbox 372 2431 427 2499; x_wconf 90' lang='lat' dir='ltr'>ille</span> <span class='ocrx_word' id='word_1_107' title='bbox 442 2431 611 2500; x_wconf 91' lang='lat' dir='ltr'>homullus</span> <span class='ocrx_word' id='word_1_108' title='bbox 626 2430 743 2512; x_wconf 82' lang='lat' dir='ltr'>tuerit,</span> <span class='ocrx_word' id='word_1_109' title='bbox 758 2430 830 2499; x_wconf 92' lang='lat' dir='ltr'>sine</span> <span class='ocrx_word' id='word_1_110' title='bbox 856 2430 969 2511; x_wconf 93' lang='lat' dir='ltr'>dubio,</span> <span class='ocrx_word' id='word_1_111' title='bbox 996 2453 1057 2498; x_wconf 91' lang='lat' dir='ltr'>suo</span> <span class='ocrx_word' id='word_1_112' title='bbox 1084 2437 1169 2498; x_wconf 92' lang='lat' dir='ltr'>tem-</span> 
     </span>
     <span class='ocr_line' id='line_1_17' title="bbox 167 2530 1170 2613; baseline -0.001 -15"><span class='ocrx_word' id='word_1_113' title='bbox 167 2552 248 2613; x_wconf 91' lang='lat' dir='ltr'>pore</span> <span class='ocrx_word' id='word_1_114' title='bbox 264 2530 510 2600; x_wconf 87' lang='lat' dir='ltr'>declarabimus</span> <span class='ocrx_word' id='word_1_115' title='bbox 526 2567 566 2574; x_wconf 97' lang='lat'><em>-</em></span> <span class='ocrx_word' id='word_1_116' title='bbox 582 2532 728 2600; x_wconf 83' lang='lat' dir='ltr'>fortasse</span> <span class='ocrx_word' id='word_1_117' title='bbox 743 2531 844 2600; x_wconf 91' lang='lat' dir='ltr'>citius</span> <span class='ocrx_word' id='word_1_118' title='bbox 869 2552 972 2612; x_wconf 85' lang='lat' dir='ltr'>quam</span> <span class='ocrx_word' id='word_1_119' title='bbox 998 2536 1170 2612; x_wconf 86' lang='lat' dir='ltr'>exspecta-</span> 
     </span>
     <span class='ocr_line' id='line_1_18' title="bbox 167 2629 1170 2712; baseline -0.001 -13"><span class='ocrx_word' id='word_1_120' title='bbox 167 2653 254 2711; x_wconf 71' lang='lat' dir='ltr'>mus,</span> <span class='ocrx_word' id='word_1_121' title='bbox 269 2639 394 2700; x_wconf 88' lang='lat' dir='ltr'>cuncta</span> <span class='ocrx_word' id='word_1_122' title='bbox 407 2632 498 2700; x_wconf 91' lang='lat' dir='ltr'>enim</span> <span class='ocrx_word' id='word_1_123' title='bbox 514 2632 636 2701; x_wconf 91' lang='lat' dir='ltr'>diurna</span> <span class='ocrx_word' id='word_1_124' title='bbox 657 2632 828 2700; x_wconf 87' lang='lat' dir='ltr'>matutina</span> <span class='ocrx_word' id='word_1_125' title='bbox 853 2629 1000 2712; x_wconf 80' lang='lat' dir='ltr'>effigiem</span> <span class='ocrx_word' id='word_1_126' title='bbox 1026 2631 1100 2699; x_wconf 92' lang='lat' dir='ltr'>eius</span> <span class='ocrx_word' id='word_1_127' title='bbox 1121 2630 1170 2698; x_wconf 95' lang='lat' dir='ltr'>di-</span> 
     </span>
     <span class='ocr_line' id='line_1_19' title="bbox 167 2731 1169 2814; baseline 0.001 -16"><span class='ocrx_word' id='word_1_128' title='bbox 167 2731 371 2814; x_wconf 83' lang='lat' dir='ltr'>vulgabunt,</span> <span class='ocrx_word' id='word_1_129' title='bbox 387 2740 492 2814; x_wconf 87' lang='lat' dir='ltr'>atque</span> <span class='ocrx_word' id='word_1_130' title='bbox 515 2733 542 2801; x_wconf 90' lang='lat' dir='ltr'>si</span> <span class='ocrx_word' id='word_1_131' title='bbox 564 2733 628 2813; x_wconf 93' lang='lat' dir='ltr'>hic,</span> <span class='ocrx_word' id='word_1_132' title='bbox 654 2732 729 2800; x_wconf 92' lang='lat' dir='ltr'>Neo</span> <span class='ocrx_word' id='word_1_133' title='bbox 755 2731 907 2811; x_wconf 89' lang='lat' dir='ltr'>Eboraci,</span> <span class='ocrx_word' id='word_1_134' title='bbox 933 2737 1037 2798; x_wconf 91' lang='lat' dir='ltr'>notus</span> <span class='ocrx_word' id='word_1_135' title='bbox 1062 2731 1169 2799; x_wconf 79' lang='lat' dir='ltr'>fuerit</span> 
     </span>
     <span class='ocr_line' id='line_1_20' title="bbox 167 2831 1171 2916; baseline 0 -17"><span class='ocrx_word' id='word_1_136' title='bbox 167 2832 221 2900; x_wconf 90' lang='lat' dir='ltr'>vel</span> <span class='ocrx_word' id='word_1_137' title='bbox 237 2833 393 2913; x_wconf 85' lang='lat' dir='ltr'>maxime,</span> <span class='ocrx_word' id='word_1_138' title='bbox 409 2831 530 2913; x_wconf 87' lang='lat' dir='ltr'>aliquis</span> <span class='ocrx_word' id='word_1_139' title='bbox 544 2855 624 2901; x_wconf 91' lang='lat' dir='ltr'>eum</span> <span class='ocrx_word' id='word_1_140' title='bbox 639 2838 810 2916; x_wconf 78' lang='lat' dir='ltr'>agnoscet.</span> <span class='ocrx_word' id='word_1_141' title='bbox 842 2832 956 2914; x_wconf 88' lang='lat' dir='ltr'>Quum</span> <span class='ocrx_word' id='word_1_142' title='bbox 974 2832 1171 2902; x_wconf 89' lang='lat' dir='ltr'>noverimus</span> 
     </span>
     <span class='ocr_line' id='line_1_21' title="bbox 167 2930 1170 3016; baseline -0.004 -13"><span class='ocrx_word' id='word_1_143' title='bbox 167 2935 243 3016; x_wconf 86' lang='lat' dir='ltr'>quis</span> <span class='ocrx_word' id='word_1_144' title='bbox 258 2933 374 3012; x_wconf 80' lang='lat' dir='ltr'>fuerit,</span> <span class='ocrx_word' id='word_1_145' title='bbox 390 2932 581 3001; x_wconf 88' lang='lat' dir='ltr'>verosimile</span> <span class='ocrx_word' id='word_1_146' title='bbox 596 2931 661 3000; x_wconf 91' lang='lat' dir='ltr'>erit</span> <span class='ocrx_word' id='word_1_147' title='bbox 672 2939 707 3001; x_wconf 91' lang='lat' dir='ltr'>et</span> <span class='ocrx_word' id='word_1_148' title='bbox 718 2930 895 3012; x_wconf 87' lang='lat' dir='ltr'>negotium</span> <span class='ocrx_word' id='word_1_149' title='bbox 906 2931 980 2999; x_wconf 91' lang='lat' dir='ltr'>eius</span> <span class='ocrx_word' id='word_1_150' title='bbox 990 2953 1068 3000; x_wconf 90' lang='lat' dir='ltr'>cum</span> <span class='ocrx_word' id='word_1_151' title='bbox 1080 2931 1170 3000; x_wconf 89' lang='lat' dir='ltr'>Van-</span> 
     </span>
     <span class='ocr_line' id='line_1_22' title="bbox 166 3030 1170 3115; baseline -0.005 -11"><span class='ocrx_word' id='word_1_152' title='bbox 166 3035 237 3104; x_wconf 86' lang='lat' dir='ltr'>tine</span> <span class='ocrx_word' id='word_1_153' title='bbox 252 3056 314 3103; x_wconf 86' lang='lat' dir='ltr'>nos</span> <span class='ocrx_word' id='word_1_154' title='bbox 329 3033 481 3102; x_wconf 91' lang='lat' dir='ltr'>divinare</span> <span class='ocrx_word' id='word_1_155' title='bbox 496 3054 603 3115; x_wconf 90' lang='lat' dir='ltr'>posse.</span> <span class='ocrx_word' id='word_1_156' title='bbox 622 3031 765 3101; x_wconf 90' lang='lat' dir='ltr'>Perinde</span> <span class='ocrx_word' id='word_1_157' title='bbox 781 3030 987 3113; x_wconf 87' lang='lat' dir='ltr'>reperiemus</span> <span class='ocrx_word' id='word_1_158' title='bbox 1003 3054 1081 3114; x_wconf 87' lang='lat' dir='ltr'>quae</span> <span class='ocrx_word' id='word_1_159' title='bbox 1097 3054 1170 3100; x_wconf 92' lang='lat' dir='ltr'>mu-</span> 
     </span>
     <span class='ocr_line' id='line_1_23' title="bbox 166 3131 1168 3217; baseline -0.004 -13"><span class='ocrx_word' id='word_1_160' title='bbox 166 3136 228 3204; x_wconf 88' lang='lat' dir='ltr'>lier</span> <span class='ocrx_word' id='word_1_161' title='bbox 241 3134 298 3203; x_wconf 92' lang='lat' dir='ltr'>illa</span> <span class='ocrx_word' id='word_1_162' title='bbox 312 3134 355 3204; x_wconf 91' lang='lat' dir='ltr'>sit</span> <span class='ocrx_word' id='word_1_163' title='bbox 371 3155 449 3217; x_wconf 86' lang='lat' dir='ltr'>quae</span> <span class='ocrx_word' id='word_1_164' title='bbox 464 3133 527 3202; x_wconf 92' lang='lat' dir='ltr'>hac</span> <span class='ocrx_word' id='word_1_165' title='bbox 543 3154 685 3215; x_wconf 91' lang='lat' dir='ltr'>vespera</span> <span class='ocrx_word' id='word_1_166' title='bbox 699 3131 848 3201; x_wconf 86' lang='lat' dir='ltr'>Vantine</span> <span class='ocrx_word' id='word_1_167' title='bbox 873 3131 992 3201; x_wconf 90' lang='lat' dir='ltr'>viserit</span> <span class='ocrx_word' id='word_1_168' title='bbox 1015 3167 1056 3176; x_wconf 91' lang='lat'><em>-</em></span> <span class='ocrx_word' id='word_1_169' title='bbox 1078 3133 1168 3214; x_wconf 88' lang='lat' dir='ltr'>quod</span> 
     </span>
     <span class='ocr_line' id='line_1_24' title="bbox 166 3231 1169 3317; baseline -0.003 -14"><span class='ocrx_word' id='word_1_170' title='bbox 166 3235 248 3304; x_wconf 89' lang='lat' dir='ltr'>nihil</span> <span class='ocrx_word' id='word_1_171' title='bbox 265 3242 317 3303; x_wconf 91' lang='lat' dir='ltr'>est</span> <span class='ocrx_word' id='word_1_172' title='bbox 332 3233 395 3303; x_wconf 94' lang='lat' dir='ltr'>nisi</span> <span class='ocrx_word' id='word_1_173' title='bbox 410 3234 553 3317; x_wconf 91' lang='lat' dir='ltr'>amplior</span> <span class='ocrx_word' id='word_1_174' title='bbox 569 3233 699 3314; x_wconf 85' lang='lat' dir='ltr'>Rogers</span> <span class='ocrx_word' id='word_1_175' title='bbox 714 3232 850 3301; x_wconf 84' lang='lat' dir='ltr'>vexatio</span> <span class='ocrx_word' id='word_1_176' title='bbox 877 3231 982 3301; x_wconf 90' lang='lat' dir='ltr'>donec</span> <span class='ocrx_word' id='word_1_177' title='bbox 1006 3233 1169 3312; x_wconf 86' lang='lat' dir='ltr'>fateatur,</span> 
     </span>
     <span class='ocr_line' id='line_1_25' title="bbox 166 3332 1169 3417; baseline -0.004 -13"><span class='ocrx_word' id='word_1_178' title='bbox 166 3357 274 3417; x_wconf 84' lang='lat' dir='ltr'>ouum</span> <span class='ocrx_word' id='word_1_179' title='bbox 290 3335 381 3403; x_wconf 87' lang='lat' dir='ltr'>haud</span> <span class='ocrx_word' id='word_1_180' title='bbox 396 3334 461 3404; x_wconf 92' lang='lat' dir='ltr'>erit</span> <span class='ocrx_word' id='word_1_181' title='bbox 477 3334 608 3404; x_wconf 88' lang='lat' dir='ltr'>difficile</span> <span class='ocrx_word' id='word_1_182' title='bbox 625 3355 700 3402; x_wconf 91' lang='lat' dir='ltr'>eam</span> <span class='ocrx_word' id='word_1_183' title='bbox 713 3332 901 3415; x_wconf 88' lang='lat' dir='ltr'>exquirere,</span> <span class='ocrx_word' id='word_1_184' title='bbox 918 3353 1048 3414; x_wconf 88' lang='lat' dir='ltr'>suaque</span> <span class='ocrx_word' id='word_1_185' title='bbox 1064 3354 1169 3402; x_wconf 89' lang='lat' dir='ltr'>secre-</span> 
     </span>
    </p>
   </div>
   <div class='ocr_carea' id='block_1_8' title="bbox 165 3432 1170 3907">
    <p class='ocr_par' dir='ltr' id='par_1_8' title="bbox 165 3432 1170 3907">
     <span class='ocr_line' id='line_1_26' title="bbox 167 3432 1168 3517; baseline -0.004 -13"><span class='ocrx_word' id='word_1_186' title='bbox 167 3445 202 3505; x_wconf 78' lang='lat' dir='ltr'>ta</span> <span class='ocrx_word' id='word_1_187' title='bbox 217 3437 345 3505; x_wconf 87' lang='lat' dir='ltr'>elicere.</span> <span class='ocrx_word' id='word_1_188' title='bbox 359 3436 502 3517; x_wconf 91' lang='lat' dir='ltr'>Insuper</span> <span class='ocrx_word' id='word_1_189' title='bbox 517 3442 551 3503; x_wconf 94' lang='lat' dir='ltr'>et</span> <span class='ocrx_word' id='word_1_190' title='bbox 567 3455 810 3517; x_wconf 79' lang='lat' dir='ltr'>cognoscemus</span> <span class='ocrx_word' id='word_1_191' title='bbox 825 3454 932 3516; x_wconf 90' lang='lat' dir='ltr'>quare</span> <span class='ocrx_word' id='word_1_192' title='bbox 947 3432 1076 3514; x_wconf 86' lang='lat' dir='ltr'>Rogers</span> <span class='ocrx_word' id='word_1_193' title='bbox 1091 3455 1168 3501; x_wconf 92' lang='lat' dir='ltr'>eam</span> 
     </span>
     <span class='ocr_line' id='line_1_27' title="bbox 165 3532 1168 3619; baseline -0.004 -15"><span class='ocrx_word' id='word_1_194' title='bbox 165 3543 262 3619; x_wconf 87' lang='lat' dir='ltr'>tegat</span> <span class='ocrx_word' id='word_1_195' title='bbox 288 3543 323 3604; x_wconf 91' lang='lat' dir='ltr'>et</span> <span class='ocrx_word' id='word_1_196' title='bbox 350 3543 498 3604; x_wconf 73' lang='lat' dir='ltr'>tueatur,</span> <span class='ocrx_word' id='word_1_197' title='bbox 529 3535 611 3604; x_wconf 88' lang='lat' dir='ltr'>Haec</span> <span class='ocrx_word' id='word_1_198' title='bbox 637 3535 749 3603; x_wconf 92' lang='lat' dir='ltr'>omnia</span> <span class='ocrx_word' id='word_1_199' title='bbox 778 3555 900 3616; x_wconf 90' lang='lat' dir='ltr'>parum</span> <span class='ocrx_word' id='word_1_200' title='bbox 926 3540 1027 3602; x_wconf 90' lang='lat' dir='ltr'>erunt</span> <span class='ocrx_word' id='word_1_201' title='bbox 1051 3532 1168 3600; x_wconf 91' lang='lat' dir='ltr'>ardua.</span> 
     </span>
     <span class='ocr_line' id='line_1_28' title="bbox 165 3632 1170 3718; baseline -0.005 -13"><span class='ocrx_word' id='word_1_202' title='bbox 165 3635 231 3706; x_wconf 88' lang='lat' dir='ltr'>Sed</span> <span class='ocrx_word' id='word_1_203' title='bbox 247 3658 355 3718; x_wconf 85' lang='lat' dir='ltr'>quum</span> <span class='ocrx_word' id='word_1_204' title='bbox 371 3635 444 3704; x_wconf 84' lang='lat' dir='ltr'>haec</span> <span class='ocrx_word' id='word_1_205' title='bbox 459 3637 572 3704; x_wconf 92' lang='lat' dir='ltr'>omnia</span> <span class='ocrx_word' id='word_1_206' title='bbox 588 3635 841 3717; x_wconf 80' lang='lat' dir='ltr'>perfecerimus,</span> <span class='ocrx_word' id='word_1_207' title='bbox 869 3632 1050 3714; x_wconf 86' lang='lat' dir='ltr'>omniaque</span> <span class='ocrx_word' id='word_1_208' title='bbox 1075 3632 1170 3702; x_wconf 83' lang='lat' dir='ltr'>iacta</span> 
     </span>
     <span class='ocr_line' id='line_1_29' title="bbox 165 3731 1170 3816; baseline -0.005 -10"><span class='ocrx_word' id='word_1_209' title='bbox 165 3736 208 3806; x_wconf 92' lang='lat' dir='ltr'>ad</span> <span class='ocrx_word' id='word_1_210' title='bbox 224 3757 346 3805; x_wconf 90' lang='lat' dir='ltr'>manus</span> <span class='ocrx_word' id='word_1_211' title='bbox 361 3743 473 3816; x_wconf 87' lang='lat' dir='ltr'>erunt,</span> <span class='ocrx_word' id='word_1_212' title='bbox 489 3757 609 3804; x_wconf 91' lang='lat' dir='ltr'>vereor</span> <span class='ocrx_word' id='word_1_213' title='bbox 624 3758 668 3804; x_wconf 92' lang='lat' dir='ltr'>ne</span> <span class='ocrx_word' id='word_1_214' title='bbox 682 3735 747 3804; x_wconf 88' lang='lat' dir='ltr'>ista</span> <span class='ocrx_word' id='word_1_215' title='bbox 761 3734 874 3803; x_wconf 89' lang='lat' dir='ltr'>omnia</span> <span class='ocrx_word' id='word_1_216' title='bbox 890 3733 982 3802; x_wconf 91' lang='lat' dir='ltr'>haud</span> <span class='ocrx_word' id='word_1_217' title='bbox 1005 3735 1073 3802; x_wconf 92' lang='lat' dir='ltr'>sint</span> <span class='ocrx_word' id='word_1_218' title='bbox 1097 3731 1170 3802; x_wconf 92' lang='lat' dir='ltr'>ulli-</span> 
     </span>
     <span class='ocr_line' id='line_1_30' title="bbox 166 3837 416 3907; baseline -0.012 0"><span class='ocrx_word' id='word_1_219' title='bbox 166 3860 206 3907; x_wconf 91' lang='lat' dir='ltr'>us</span> <span class='ocrx_word' id='word_1_220' title='bbox 220 3837 416 3906; x_wconf 88' lang='lat' dir='ltr'>momenti.”</span> 
     </span>
    </p>
   </div>
   <div class='ocr_carea' id='block_1_9' title="bbox 165 3951 1169 4138">
    <p class='ocr_par' dir='ltr' id='par_1_9' title="bbox 165 3951 1169 4138">
     <span class='ocr_line' id='line_1_31' title="bbox 249 3951 1169 4035; baseline -0.003 -11"><span class='ocrx_word' id='word_1_221' title='bbox 249 3952 381 4024; x_wconf 88' lang='lat' dir='ltr'>“Ullius</span> <span class='ocrx_word' id='word_1_222' title='bbox 396 3953 559 4022; x_wconf 91' lang='lat' dir='ltr'>momenti</span> <span class='ocrx_word' id='word_1_223' title='bbox 568 3953 604 4020; x_wconf 79' lang='lat'>?’&#39;</span> <span class='ocrx_word' id='word_1_224' title='bbox 621 3959 739 4035; x_wconf 89' lang='lat' dir='ltr'>repeto</span> <span class='ocrx_word' id='word_1_225' title='bbox 754 3973 828 4034; x_wconf 84' lang='lat' dir='ltr'>ego.</span> <span class='ocrx_word' id='word_1_226' title='bbox 845 3951 912 4022; x_wconf 86' lang='lat' dir='ltr'>“At</span> <span class='ocrx_word' id='word_1_227' title='bbox 927 3973 1009 4021; x_wconf 92' lang='lat' dir='ltr'>vero</span> <span class='ocrx_word' id='word_1_228' title='bbox 1024 3958 1116 4021; x_wconf 89' lang='lat' dir='ltr'>certe</span> <span class='ocrx_word' id='word_1_229' title='bbox 1127 3987 1169 3997; x_wconf 95' lang='lat'>-</span> 
     </span>
     <span class='ocr_line' id='line_1_32' title="bbox 165 4055 370 4138; baseline 0 -14"><span class='ocrx_word' id='word_1_230' title='bbox 165 4055 370 4138; x_wconf 86' lang='lat' dir='ltr'>quondam.”</span> 
     </span>
    </p>
   </div>
   <div class='ocr_carea' id='block_1_10' title="bbox 0 0 1568 5016">
    <p class='ocr_par' dir='ltr' id='par_1_10' title="bbox 0 0 1568 5016">
     <span class='ocr_line' id='line_1_33' title="bbox 0 0 1568 5016; baseline 0 1"><span class='ocrx_word' id='word_1_231' title='bbox 0 0 1568 5016; x_wconf 95' lang='lat' dir='ltr'> </span> 
     </span>
    </p>
   </div>
  </div>
 </body>
</html>
