3128 5016
691 809 868 863 caumas
1237 791 1279 862 87

363 977 488 1046 Audivi
504 977 635 1047 interea
649 978 831 1061 strepitum
855 977 944 1046 circa
968 978 1166 1058 fenestram,
1195 976 1278 1045 vidi-

280 1101 347 1162 que
363 1079 463 1147 simul
479 1079 587 1148 Parks
599 1080 790 1149 forulorum
816 1101 925 1148 unum
941 1079 975 1146 in
991 1080 1103 1147 locum
1126 1077 1280 1147 subleva·

279 1202 326 1248 re.
359 1179 481 1249 Statim
496 1187 532 1248 et
553 1202 627 1262 ego,
643 1180 784 1261 quadro¹
809 1181 971 1248 fenestrae
997 1180 1120 1260 levato,
1146 1179 1280 1261 pessula

280 1281 400 1362 gravia
425 1281 616 1349 forulorum
642 1280 676 1348 in
703 1280 846 1361 vaginas
870 1301 950 1348 suas
971 1279 1133 1361 impressi,
1150 1278 1281 1362 quadra

279 1381 398 1450 demisi
412 1389 516 1462 atque
531 1381 695 1449 obseravi.
712 1380 863 1462 Reliquae
878 1402 1014 1463 quoque
1031 1380 1108 1449 duae
1118 1380 1281 1447 fenestrae

280 1483 352 1564 pari
368 1482 467 1550 modo
482 1482 606 1550 clausae
627 1488 718 1562 sunt,
744 1502 782 1549 ac
808 1487 926 1562 postea
952 1480 1111 1548 ultimum
1141 1479 1281 1549 circum·

280 1590 446 1665 spectans,
461 1581 589 1650 lumina
603 1581 745 1650 deverti.
768 1581 941 1649 Fenestrae
957 1603 1092 1662 quoque
1108 1580 1209 1648 antici
1225 1601 1283 1649 cu-

280 1683 381 1751 biculi
396 1682 438 1750 ad
455 1682 601 1750 eundem
618 1681 755 1749 modum
771 1681 891 1749 forulis
904 1680 1030 1748 obditae
1055 1688 1090 1749 et
1115 1680 1281 1749 obseratae

281 1789 371 1862 sunt,
387 1790 421 1850 et
437 1782 499 1850 hac
515 1785 597 1850 cura
612 1783 743 1850 solutus
757 1781 923 1862 suspiravi
944 1781 1043 1863 plane
1058 1780 1211 1850 conscius
1225 1801 1281 1848 ne-

281 1883 406 1951 minem
421 1883 488 1951 iam
504 1883 557 1950 hic
572 1882 733 1950 invadere
750 1903 855 1963 posse.
889 1881 1006 1962 Parks,
1023 1880 1179 1962 denique,
1201 1889 1281 1949 ante

282 1985 398 2052 unicas
411 1984 504 2051 fores
519 1982 664 2050 cubante
681 1984 790 2051 locum
807 1982 849 2050 ab
865 1982 955 2049 omni
983 1982 1137 2063 ingressu
1164 1989 1281 2049 tutum

282 2085 356 2152 fere
373 2083 528 2151 iudicavi.

366 2185 518 2266 Denique
534 2192 718 2266 antequam
734 2183 864 2252 lumina
889 2183 1103 2251 deverteram
1119 2184 1161 2252 ad
1176 2189 1283 2251 statu-

282 2307 354 2352 ram
370 2285 403 2351 in
420 2285 547 2351 feretro
564 2285 684 2352 accessi
700 2291 915 2366 prostratam,
928 2285 1039 2351 levavi
1052 2285 1217 2364 velamen,
1234 2293 1282 2352 at·

282 2408 348 2467 que
365 2387 499 2452 vultum
516 2385 613 2452 amici
629 2385 694 2451 mei
709 2384 876 2452 demortui
894 2384 1054 2452 ultimum
1064 2385 1188 2465 aspexi.
1202 2385 1282 2453 Vul-

282 2494 339 2553 tus
354 2485 420 2553 iam
447 2506 514 2551 non
536 2485 680 2565 amplius
709 2485 777 2551 tuit
803 2484 878 2551 fixis
900 2485 1005 2553 oculis
1031 2487 1198 2566 terribilis,
1223 2487 1283 2555 sed

282 2585 432 2667 placidus
447 2592 481 2653 et
496 2586 699 2665 tranquillus
713 2593 889 2666 tamquam
904 2584 1103 2653 dormientis
1118 2609 1215 2668 paene
1231 2609 1282 2655 re-

282 2687 410 2754 nidens.
443 2685 557 2753 Oculis
579 2685 782 2755 humectatis
808 2686 978 2767 fauceque
1004 2694 1134 2754 arctata
1160 2687 1282 2755 faciem

282 2787 406 2853 iterum
421 2786 565 2865 contexi,
582 2786 709 2853 lumina
725 2785 875 2866 restinxi,
899 2786 1119 2868 conclavique
1146 2789 1282 2856 excessi.

284 2887 391 2954 Parks
404 2909 536 2954 camam
553 2886 707 2954 baiulans
722 2886 756 2953 in
772 2886 902 2953 ambitu
929 2908 983 2953 me
1005 2887 1173 2967 convenit,
1194 2910 1284 2956 eam·

284 3009 350 3068 que
366 2994 446 3054 ante
458 2987 549 3053 fores
565 2993 798 3053 transversum
815 2987 999 3054 collocavit.

367 3087 483 3166 “Ecce,
501 3087 578 3168 sic,'’
600 3086 658 3167 ait,
681 3085 793 3154 “certe
816 3109 916 3154 nemo
938 3110 992 3155 me
1008 3087 1111 3155 inscio
1126 3095 1160 3155 et
1176 3088 1283 3157 invito

282 3189 316 3255 in
333 3187 422 3256 istud
439 3189 595 3255 conclave
611 3187 782 3254 intrabit.''

367 3289 531 3355 “Factum
548 3288 665 3368 bene,”
682 3287 854 3369 respondi;
878 3296 952 3355 tum
968 3288 1155 3369 cogitatum
1171 3288 1284 3356 subito

283 3389 364 3456 mihi
382 3389 507 3456 incidit.
530 3387 655 3468 “Heus,
672 3388 809 3468 Parks,''
826 3389 977 3469 alloquor
991 3410 1081 3470 eum,
1097 3387 1284 3457 “verumne

284 3498 335 3556 est
351 3489 404 3556 hic
421 3490 455 3556 in
471 3489 612 3571 singulis
628 3488 789 3557 fenestris
804 3489 1009 3557 suscitabula
1025 3488 1210 3570 praedonia²
1235 3510 1284 3557 es

284 3591 362 3659 se?”

385 3777 408 3825 1.
425 3771 587 3835 Quodrum,
610 3773 642 3833 -i,
659 3775 702 3825 hic
718 3775 777 3832 loci,
789 3791 856 3839 opus
870 3774 990 3839 ligneum
1003 3774 1131 3824 fenestrae
1145 3779 1194 3825 est.

384 3846 408 3893 2.
427 3839 646 3892 Srracrftabulunt
662 3840 814 3906 pra‘doniu
822 3858 845 3890 nr
866 3858 933 3892 voco
946 3847 1103 3906 apparatum
1118 3839 1284 3901 electricum‚

284 3909 339 3974 qui,
351 3909 373 3959 si
388 3909 534 3973 praedones,
556 3909 725 3965 infractores,
740 3917 787 3959 aut
801 3910 929 3974 quislibet
950 3909 988 3959 rei
1009 3909 1122 3971 ignarus
1142 3908 1285 3968 fenestras,

286 3977 329 4026 vel
342 3977 459 4032 ianuam,
475 3975 512 4025 ita
526 3977 658 4026 munitam
672 3982 794 4034 temeret,
816 3977 928 4034 tinnitu,
941 3978 983 4026 vel
999 3978 1128 4037 clangore
1145 3977 1227 4027 alacri
1248 3977 1286 4026 in·

285 4044 358 4094 colas
371 4049 475 4100 evocat,
490 4060 504 4092 e
518 4059 612 4094 somno
626 4042 761 4103 suscitat,
779 4049 805 4093 et
818 4044 955 4094 decuriam
981 4057 1088 4109 quoque
1105 4042 1230 4095 lictorum
1253 4043 1286 4094 si-

286 4110 343 4161 mili
362 4117 481 4175 strepore
498 4117 602 4163 evocat.
