3128 5016
642 1878 795 1951 CAPUT
814 1879 925 1951 XXVI

625 2066 710 2135 Sora
724 2067 816 2134 Heri
831 2066 942 2148 Pipot.

374 2266 601 2349 Quocunquu
627 2266 765 2335 demum
791 2287 811 2335 e
832 2264 970 2336 defectu
985 2264 1231 2350 prospicientiae
1248 2273 1284 2335 et

277 2366 529 2449 imaginationis
552 2365 666 2449 Grady
692 2366 845 2435 laborare
876 2366 1036 2449 potuerit,
1066 2365 1150 2435 satis
1175 2365 1284 2436 conci·

279 2473 373 2535 tatus
385 2465 488 2534 animi
504 2466 677 2536 alacritate
692 2488 759 2535 non
775 2466 894 2535 caruit.
911 2466 997 2536 Fere
1019 2465 1218 2549 priusquam
1233 2487 1284 2536 so·

278 2567 371 2636 nitus
384 2567 553 2649 propulsa.
567 2567 679 2635 ianuae
693 2573 891 2647 evanuerat,
915 2567 982 2635 iam
1007 2565 1051 2635 ad
1074 2566 1284 2649 scriptoriam

282 2667 472 2736 decurionis
485 2667 627 2736 adstitit.

363 2765 497 2836 “Evoca
512 2767 759 2848 subsidiarios,”
778 2766 941 2850 praecipit,
957 2766 1150 2837 “facetiam
1174 2773 1215 2836 ut
1239 2766 1285 2836 al·

280 2873 393 2937 terum
408 2866 578 2936 clavulare
594 2867 660 2936 cito
675 2866 771 2936 adsit.
787 2867 853 2936 Per
879 2867 1099 2949 telephonum
1125 2865 1284 2950 praetorio

280 2967 415 3036 nomine
429 2989 506 3035 meo
521 2966 740 3037 demandabis
750 2973 791 3036 ut
806 2988 942 3036 omnem
954 2988 1057 3050 quem
1068 2967 1200 3050 assequi
1211 2987 1285 3050 pos

280 3067 324 3136 sit
349 3067 529 3137 satellitem
552 3067 725 3137 celerrime
746 3065 789 3137 ad
815 3067 1053 3151 Argentariam
1077 3067 1290 3138 DiurnoNo·

281 3176 440 3238 ctumam
455 3189 657 3237 concurrere
672 3167 789 3237 iubeat
802 3167 831 3236 !”

365 3268 499 3337 Interea
514 3267 585 3350 ipse
600 3267 739 3337 adstans
753 3267 965 3337 truculenter
990 3267 1190 3339 masticabat
1206 3290 1284 3339 con·

281 3368 468 3449 volvulum,
484 3366 567 3437 dum
591 3367 728 3437 decun‘o
743 3368 833 3438 iussa
848 3368 1006 3438 faciebat.
1030 3368 1097 3438 Vix
1112 3376 1285 3439 momento

281 3467 443 3551 temporis
457 3467 646 3537 subsidiarii
666 3469 791 3538 tunicis
803 3469 873 3539 suis
887 3467 1068 3538 induendis
1083 3469 1286 3552 satagebant

281 3569 382 3639 simul
398 3575 433 3638 et
448 3568 580 3637 sonitus
594 3569 813 3652 ungularum,
828 3568 1047 3653 crepitusque
1070 3576 1223 3639 rotarum
1243 3570 1286 3642 de

282 3671 394 3753 platea
405 3668 659 3750 exaudiebatur;
671 3670 861 3740 subsidiarii
872 3671 906 3739 in
918 3671 1089 3740 clavulare
1100 3670 1286 3741 irruebant,

281 3791 346 3853 ego
361 3791 498 3852 quoque
507 3791 562 3838 me
571 3769 706 3852 ingessi,
715 3770 829 3852 Grady
844 3777 961 3840 autem
972 3771 1006 3839 in
1016 3770 1179 3841 sessibulo
1189 3770 1287 3840 iuxta

283 3870 437 3953 aurigam
457 3871 568 3940 locum
589 3870 689 3954 cepit,
711 3892 750 3941 ac
768 3877 942 3940 momento
957 3871 1120 3955 temporis
1140 3870 1288 3956 quadru-

282 3969 446 4053 pedantes
459 3969 652 4053 ruebamus,
676 3969 878 4053 campanula
900 3977 1016 4040 nostra
1040 3970 1140 4041 simul
1165 3970 1200 4041 in
1223 3970 1288 4041 viis

284 4070 460 4142 silentibus
473 4077 509 4139 et
524 4071 688 4140 emortuis
700 4070 861 4154 clangens
874 4070 1064 4142 resonabat
