3150 5468
281 1223 345 1294 254
541 1240 750 1294 ursmnrun
773 1240 880 1294 rnen
901 1234 1021 1295 somn

282 1415 334 1476 est
360 1407 394 1475 in
421 1429 552 1489 ageam.
579 1408 752 1479 Momento
774 1408 937 1491 temporis
952 1409 1114 1479 relatores
1128 1428 1208 1477 eum
1223 1406 1287 1476 cir·

281 1507 544 1576 cumfluxerunt.

366 1607 652 1678 “AEstimatissimi
668 1609 767 1678 amici
782 1631 802 1678 a
817 1611 941 1692 prelo,”
957 1609 1103 1690 tractim
1119 1616 1154 1678 et
1164 1608 1224 1677 vix
1234 1609 1288 1677 nl·

282 1709 313 1776 lo
329 1709 473 1791 vestigio
489 1709 678 1791 peregrinae
694 1709 959 1778 enuntioationis
973 1709 1040 1779 fan'
1055 1708 1168 1792 coepit,
1182 1707 1285 1777 simul

282 1807 316 1875 in
333 1809 452 1877 vultus
476 1831 510 1877 se
534 1809 844 1878 circumfluentium
868 1809 1054 1893 dispiciens
1078 1807 1287 1891 “Ignoscetis

282 1909 363 1976 mihi
381 1909 407 1977 si
423 1909 490 1977 mei
506 1917 694 1978 causatum
710 1909 768 1979 diu
792 1909 889 1978 vobis
911 1908 1177 1992 exspectandum
1199 1914 1285 1990 erat,

283 2008 340 2076 sed
357 2008 459 2077 rebus
474 2009 651 2078 detinebar
674 2009 832 2078 maximae
855 2009 1053 2091 gravitatis;
1076 2008 1285 2091 quinetiam

283 2108 408 2176 vidulo¹
425 2131 501 2177 meo
517 2109 742 2177 convasandn.
766 2108 998 2190 Mediastine‚”
1013 2108 1200 2191 subiungit,
1216 2106 1287 2176 “vi-

283 2208 402 2277 dulum
428 2231 543 2277 meum
569 2216 649 2277 ante
675 2209 812 2278 ianuam
839 2209 994 2292 reperies.
1017 2210 1109 2279 Velis
1121 2209 1189 2278 huc
1203 2230 1285 2278 eum

282 2308 416 2388 afferre,
443 2315 483 2376 ut
507 2308 549 2376 ad
566 2309 798 2378 excedendum
813 2309 929 2378 statim
953 2317 1095 2392 paratus
1115 2331 1188 2379 esse
1209 2330 1286 2392 pos·

282 2409 376 2476 sim.''
389 2408 611 2478 Mediastinus
626 2431 767 2491 propere
783 2409 957 2491 digressus
972 2416 1033 2491 est,
1048 2409 1152 2479 herus
1166 2416 1286 2478 autern

283 2508 382 2589 Pigot
397 2530 433 2576 se
447 2508 490 2577 ad
506 2531 568 2577 nos
583 2510 705 2578 vertit:
729 2509 871 2592 “Itaque
887 2509 954 2578 mei
968 2509 1096 2591 amici,'’
1113 2509 1286 2592 prosequi-

282 2617 350 2690 tur,
366 2608 444 2691 “qui
460 2615 579 2691 potero
593 2632 647 2678 me
663 2610 758 2679 vobis
773 2610 891 2679 utilem
907 2617 1068 2693 praestare
1078 2610 1114 2679 ?”

366 2727 417 2794 Ex
441 2726 490 2795 rei
516 2734 641 2796 natura
667 2727 740 2796 vice
766 2727 909 2796 oratoris
934 2727 1085 2810 Gndfrey
1110 2727 1212 2809 fungi
1227 2725 1285 2795 de·

283 2827 395 2895 bebat.

367 2927 550 3008 “Primum,
564 2928 610 2996 mi
627 2927 716 2996 Here
732 2928 832 3009 Pigot
846 2935 891 3009 te,
907 2928 942 2997 in
966 2928 1157 2997 American]
1180 2927 1283 2996 adve-

282 3028 442 3108 nientem,
458 3028 589 3095 salvere
603 3027 790 3108 iubemus,”
803 3028 851 3096 ait
866 3028 929 3109 ille,
945 3026 1042 3096 “dein
1053 3049 1189 3110 sperare
1201 3026 1285 3096 libet

282 3150 422 3207 moram,
438 3149 541 3209 quam
557 3127 591 3195 in
607 3127 718 3208 patria
732 3135 849 3196 nostra
870 3128 994 3211 exiges,
1021 3127 1284 3211 prosperrinum

282 3251 321 3296 ac
337 3227 613 3296 iucundissimam
630 3228 817 3296 futuram.”

365 3343 476 3412 “Dicis
490 3344 721 3424 amicissime,”
737 3344 885 3412 iucundo
901 3344 971 3413 risu
986 3344 1158 3427 respondit
1180 3344 1286 3414 Fran·

282 3467 351 3513 cus.
368 3444 594 3512 “Persuasum
611 3444 692 3512 mihi
709 3451 761 3512 est
776 3444 830 3513 hic
843 3467 898 3513 me
914 3445 1026 3514 omnia
1041 3445 1284 3514 iucundissima

282 3552 504 3627 experturum
520 3580 561 3587 -
577 3545 766 3626 praesertim
782 3545 903 3613 urbem
918 3551 1068 3614 vestram
1093 3545 1224 3628 miram,
1240 3546 1284 3616 de

283 3667 350 3728 qua
362 3645 428 3712 iam
441 3651 537 3711 tanta
548 3645 664 3712 audivi
677 3644 833 3725 iucunda,
850 3645 1019 3727 stupenda
1030 3667 1069 3715 ac
1080 3645 1198 3715 mira.'’

366 3760 547 3841 “Deinde'’
577 3761 795 3843 prosequitur
826 3761 987 3844 Godfrey,
1018 3761 1225 3846 “speramus,
1247 3772 1282 3833 te

282 3863 478 3941 adiuvante,
514 3861 586 3929 fien'
628 3882 725 3943 posse
756 3869 796 3930 ut
820 3861 959 3932 decuria
984 3863 1140 3933 lictorum
1165 3871 1284 3933 nostra

282 3961 482 4044 mysterium
497 3982 608 4042 nuper
622 3961 675 4029 hic
691 3983 856 4030 caesorum
871 3962 975 4031 trium
992 3970 1156 4046 retegere,
1171 3985 1286 4033 reum·

282 4086 350 4145 que
366 4061 618 4144 apprehendere
634 4063 756 4130 valeat.
781 4061 849 4131 Sibi
873 4063 963 4132 enim
979 4064 1084 4133 relicti
1109 4063 1192 4133 nihil
1208 4086 1286 4147 pro·

282 4163 381 4232 ficere
398 4183 493 4244 posse
509 4161 700 4230 videntur.”

383 4366 407 4415 1.
434 4360 571 4423 Vidulus,
590 4361 625 4413 ·t':
639 4379 725 4427 genus
737 4363 834 4427 bulgae,
848 4363 891 4415 vel
904 4365 1053 4429 sacciperfi,
1073 4365 1144 4430 quod
1165 4365 1284 4419 viatores

285 4464 366 4498 manu
381 4462 471 4498 secum
486 4453 593 4510 gerunt,
608 4447 635 4497 in
650 4463 702 4512 quo
714 4463 757 4498 res
774 4448 880 4512 exiguae
900 4448 933 4499 ad
956 4449 1177 4501 commoditatem
1195 4465 1275 4503 neces

283 4531 361 4583 sariae
375 4531 560 4582 continentur.
