3128 5016
354 754 416 822 100
615 769 821 822 uvsrsnrun
843 769 951 823 nacla
972 763 1091 822 noma

434 937 629 1006 Reclinatus
645 939 679 1005 in
703 938 793 1018 sella,
819 938 932 1007 oeulos
957 937 1077 1020 palmis
1102 937 1241 1006 obtexit.
1275 936 1352 1006 Vidi

351 1059 454 1120 quam
470 1038 504 1105 hi
520 1045 716 1118 tremerent,
732 1060 836 1119 quam
851 1039 921 1120 ipse
936 1044 1009 1105 toto
1023 1059 1162 1120 corpore
1178 1045 1351 1106 tremeret.

433 1137 743 1220 “Exspectaduml'’
773 1138 821 1206 ait
852 1159 984 1207 raucus.
1011 1138 1177 1219 Exspecta
1213 1137 1312 1205 modo
1323 1138 1341 1204 !’

352 1237 430 1305 Mox
456 1260 492 1305 se
518 1238 660 1319 erigens,
687 1237 769 1305 dum
796 1238 914 1306 vultus
939 1260 1067 1318 angore
1088 1237 1231 1319 rigebat,
1254 1238 1353 1306 “les

350 1346 403 1405 ter
418 1338 462 1405 mi
474 1337 503 1404 !''
525 1339 647 1406 clamat
664 1360 745 1405 voce
761 1338 853 1419 petili
877 1360 948 1420 prae
971 1360 1113 1420 pavore:
1152 1337 1260 1407 “Arca
1281 1360 1349 1406 non

349 1437 576 1507 custoditur!”

433 1537 526 1605 “Imo
562 1537 784 1618 custoditur‚”
814 1539 980 1620 respondi.
1012 1537 1084 1606 “De
1107 1560 1147 1607 ea
1168 1539 1350 1608 dumtaxat

349 1660 385 1707 re
400 1638 547 1720 cogitavi
559 1637 587 1706 l’

433 1739 579 1807 Narravi
604 1739 648 1806 illi
672 1738 749 1806 dein
775 1738 900 1820 quibus
924 1740 1065 1808 cautelis
1090 1762 1165 1808 eam
1188 1740 1351 1808 custodiri

348 1839 580 1921 providissem.
601 1839 677 1906 Non
693 1838 765 1906 sine
781 1839 924 1920 suspirio
939 1840 1106 1907 allevatus
1128 1862 1182 1908 me
1208 1840 1350 1909 audivit.

433 1939 596 2007 “Factum
623 1939 780 2021 optime,”
810 1939 929 2019 inquit.
954 1938 1083 2007 “Parks
1105 1939 1197 2008 haud
1224 1962 1350 2021 magno

348 2048 435 2108 esset
452 2040 616 2121 prasidio,
632 2063 673 2107 ex
690 2063 764 2107 mea
786 2040 964 2119 sententia,
980 2040 1006 2106 si
1024 2040 1125 2108 resin
1141 2041 1349 2109 contrarium

348 2148 541 2218 currerent;
563 2141 717 2208 existimo
733 2149 846 2207 tamen
863 2161 976 2208 arcam
992 2146 1103 2207 tutam
1125 2162 1198 2208 esse
1226 2175 1265 2185 -
1287 2141 1349 2209 hac

348 2248 456 2308 nocte.
479 2241 672 2321 Antequam
688 2248 801 2308 tamen
819 2241 970 2321 proxima
986 2262 1052 2307 nox
1068 2240 1219 2322 obrepat,
1232 2240 1351 2309 Lester

348 2341 405 2421 mi,
421 2341 482 2421 ipsi
498 2363 558 2407 nos
573 2341 817 2423 inspiciemus.’'

432 2441 671 2522 “Inspieiemus
684 2443 719 2510 ?”

432 2540 515 2621 “Sic,
532 2541 661 2620 Hercle,
676 2542 827 2609 forulum
844 2541 1014 2609 occultum
1030 2541 1276 2622 explorarunt

432 2642 534 2723 Quasi
551 2642 690 2710 fascinio
705 2649 817 2709 taetus
832 2641 925 2710 illum
952 2649 1125 2720 contueor,
1150 2641 1209 2710 sed
1235 2641 1349 2710 animo

347 2743 515 2811 recellens.

431 2843 495 2910 “Et
512 2843 748 2925 reperiemuS,”
764 2842 949 2911 subiunxit.

431 2942 631 3011 “ll'Aurelle
655 2952 688 3010 et
706 2943 851 3010 Vantine
879 2950 1076 3025 repererunt
1093 2944 1204 3023 eum,''
1233 2966 1348 3012 musso

347 3043 575 3126 emmffim

430 3144 494 3212 “Et
512 3143 631 3212 tum?'’

430 3244 604 3326 “Uterque
620 3252 671 3312 est
693 3244 889 3313 mortuus!”

429 3345 521 3412 “Nos
537 3368 602 3412 non
619 3345 756 3413 occidet.
780 3345 850 3411 Nos
864 3367 938 3412 eam
951 3365 1022 3411 rem
1034 3342 1156 3410 muniti
1168 3343 1346 3423 obibimus,

347 3445 393 3513 mi
411 3445 538 3513 Lester.
564 3446 653 3513 Dens
668 3446 720 3513 ille
736 3455 927 3513 venenatus
940 3445 1109 3512 incassum
1126 3444 1227 3511 feriet
1243 3480 1275 3487 -
1286 3445 1305 3470 ”

429 3546 526 3613 “Noli
538 3545 565 3612 !''
588 3547 695 3615 clamo
722 3567 785 3625 ego
801 3546 834 3611 in
851 3546 965 3612 sellam
987 3565 1041 3611 me
1065 3543 1212 3610 revulso.
1250 3544 1346 3626 “Ego

345 3682 384 3690 -
401 3668 475 3727 ego,
492 3647 641 3727 inquam,
658 3646 689 3713 id
708 3647 820 3712 lacere
835 3667 977 3726 nequeo,
994 3643 1154 3725 (indirey.
1184 3644 1238 3712 lle
1253 3645 1347 3727 igna-

346 3768 428 3815 vum
446 3769 511 3813 non
528 3770 600 3814 esse
618 3747 687 3813 lliis
703 3756 821 3813 nolum
838 3755 926 3812 -at
945 3767 1011 3812 non
1029 3744 1108 3812 illud
1121 3745 1150 3811 l’·

429 3848 537 3914 “Tum
555 3856 591 3914 lu
610 3869 663 3913 me
679 3847 859 3914 facientem
876 3845 1073 3926 sieclabisss'
1090 3845 1210 3926 innuit.

427 3947 484 4015 “lo
503 3949 606 4015 eliam
624 3948 775 4015 eleterius
791 3947 911 4012 esset.'’

428 4050 495 4116 “At
511 4071 577 4131 ego
593 4058 733 4130 paratus
747 4069 814 4125 ero.
836 4047 964 4115 Lester.
999 4046 1141 4116 Nullum
1167 4046 1232 4114 erit
1258 4046 1345 4129 peri·
