3128 5016
614 786 751 841 MULIER
771 785 810 838 IN
831 786 948 841 CAUSA
1239 782 1282 853 59

279 957 342 1027 tim
367 954 581 1037 observabat,
606 954 749 1024 subinde
775 976 813 1023 os
836 975 949 1037 suum,
972 960 1139 1029 automati
1163 961 1280 1048 instar,

280 1058 427 1127 tremula
441 1077 545 1125 manu
561 1054 750 1124 tersitabat.

363 1173 486 1243 “Nunc
511 1172 639 1255 itaque,
655 1172 816 1255 Rogers,''
840 1173 957 1256 incipit
983 1175 1106 1259 Grady‚
1123 1177 1279 1253 “sumere

279 1275 341 1346 tibi
370 1275 478 1344 otium
507 1280 542 1342 te
573 1273 660 1354 volo,
690 1280 725 1341 et
748 1280 872 1343 cuncta
887 1275 1082 1345 minutatim
1097 1278 1280 1353 edisserere

281 1397 360 1459 quae
375 1375 429 1443 hic
444 1374 508 1442 hac
523 1394 665 1456 vespera
681 1381 881 1442 evenerunt.
918 1375 972 1444 Tu
996 1375 1086 1445 enim
1108 1383 1280 1452 asseruisti

281 1476 456 1545 mulierem
479 1474 579 1542 istam
603 1494 675 1542 rem
698 1474 895 1556 patravisse.
932 1475 1040 1558 Perge
1067 1477 1183 1562 igitur,
1212 1505 1281 1552 me-

281 1585 396 1647 mento
411 1582 526 1644 tamen
542 1574 624 1643 satis
638 1573 696 1643 otii
713 1574 774 1643 tibi
789 1577 1001 1658 suppetere.”

365 1693 517 1774 “Itaque,
543 1691 590 1759 mi
622 1691 743 1772 Here‚'’
769 1691 835 1759 fari
861 1693 974 1774 pergit
989 1693 1119 1776 Rogers
1133 1700 1280 1783 tractim,

282 1793 388 1863 veluti
404 1792 463 1875 qui
478 1791 584 1860 verba
598 1813 661 1860 sua
675 1798 775 1860 caute
791 1792 965 1874 ponderat,
997 1792 1119 1864 “hems
1134 1797 1280 1870 Vantine

282 1902 357 1978 post
372 1914 515 1973 coenam,
530 1892 619 1960 circa
633 1891 752 1959 horam
767 1891 946 1973 septimam
960 1915 1038 1962 cum
1053 1895 1191 1967 dimidio
1207 1922 1282 1982 pro

282 1995 367 2064 divit
383 2029 422 2038 -
438 1993 584 2061 fortasse
600 1991 704 2060 etiam
729 1991 842 2073 paullo
868 1992 999 2062 tardius
1020 2029 1062 2038 —
1088 2017 1211 2080 meque
1227 2001 1280 2071 hic

281 2103 316 2164 et
331 2095 365 2163 in
380 2093 534 2162 cubiculo
548 2092 711 2173 contiguo
726 2098 849 2160 cuncta
872 2092 1001 2162 lumina
1015 2096 1198 2167 accendere
1213 2100 1281 2170 ius-

282 2195 333 2264 sit.
356 2194 404 2264 Ut
419 2192 515 2261 vides
529 2191 582 2260 hic
599 2191 726 2260 lumina
741 2198 822 2260 sunt
852 2192 990 2274 spiritus
1014 2196 1216 2268 anthracinil
1246 2209 1281 2270 et

281 2293 453 2372 electrica;
468 2313 533 2373 ego
547 2297 671 2359 cuncta
686 2291 832 2360 accendi.
855 2292 930 2373 Ipse
946 2292 1075 2362 interea
1090 2295 1124 2364 in
1139 2300 1281 2369 musica-

282 2395 393 2475 rium‚²
407 2392 450 2461 ad
466 2392 648 2460 adversum
663 2391 812 2459 ambitus
826 2391 977 2459 intravit.
995 2393 1074 2462 Post
1090 2396 1217 2467 lumina
1229 2421 1281 2468 ac·

280 2515 380 2564 censa
394 2500 430 2562 et
445 2514 510 2574 ego
525 2491 650 2559 intravi
666 2491 922 2574 significavique
939 2492 1067 2562 lumina
1082 2517 1154 2565 esse
1166 2520 1281 2568 accen·

279 2617 326 2664 sa.
342 2595 432 2663 Eum
448 2592 642 2674 imaginem,
658 2612 761 2674 quam
777 2592 876 2660 modo
901 2601 1042 2675 emerat,
1069 2605 1280 2677 spectantem

280 2693 398 2778 reperi,
414 2692 473 2762 sed
489 2714 529 2760 ea
551 2691 704 2774 protinus
727 2691 837 2762 missa,
864 2692 930 2760 huc
955 2692 989 2760 in
1015 2694 1183 2765 ambitum
1207 2720 1282 2781 pro

280 2795 375 2864 divit.

364 2910 382 2937 ‘⁴
395 2910 494 2978 ‘Nolo
510 2909 651 2988 turbari,
667 2908 816 2990 Rogers:
829 2909 848 2935 ’'
864 2908 945 2976 mihi
962 2909 1056 2991 dixit,
1071 2933 1110 2980 ac
1126 2915 1281 2994 protinus

279 3011 345 3080 huc
362 3009 512 3090 intravit,
528 3010 688 3090 foresque
704 3017 781 3089 post
797 3030 832 3076 se
847 3008 978 3077 clausit.

362 3110 539 3178 “Fortasse
555 3109 675 3177 vicena
691 3108 825 3176 minuta
841 3116 917 3190 post
945 3109 1029 3177 nola
1053 3111 1127 3179 ostii
1152 3115 1281 3182 contin·

381 3346 404 3396 1.
416 3341 567 3403 Anthrax,
585 3340 669 3403 -ocis,
685 3358 728 3400 m,
743 3342 916 3401 adiectivum,
930 3341 1138 3407 autdrdciuuo,
1155 3360 1192 3407 a,
1209 3361 1278 3408 -um,

277 3429 409 3480 vocabula
431 3427 633 3479 GraecoLatina
646 3442 661 3476 a
674 3425 803 3476 Romanis
828 3426 931 3485 (Varro,
953 3424 1105 3487 Vitruvius)
1133 3430 1226 3494 paullo
1244 3431 1281 3482 di-

277 3528 355 3563 verso
381 3527 462 3563 sensu
488 3515 617 3574 usurpata
643 3508 744 3560 Graecis
764 3515 856 3560 tamen
877 3507 1013 3559 cabonem
1026 3516 1053 3561 et
1065 3510 1278 3564 curbouuceum

277 3595 443 3660 significant.
457 3594 545 3655 Quum
559 3599 650 3644 tamen
664 3589 750 3642 curbo
766 3592 870 3657 lignum
883 3599 973 3643 ustum
995 3595 1030 3644 sit
1043 3593 1136 3646 Graeco
1149 3597 1280 3648 vocabulo

279 3678 369 3729 Latini
383 3677 504 3728 moderni
519 3676 622 3740 lapides
632 3675 740 3726 fossiles
755 3676 847 3739 nigros
860 3675 1025 3739 significant,
1038 3678 1135 3742 quibus
1149 3679 1176 3728 in
1190 3679 1281 3731 furnis

279 3761 488 3826 fomacibusque
513 3759 625 3810 utendis
647 3759 681 3809 ad
706 3758 923 3810 calefaciendum
949 3759 1060 3811 utimur.
1085 3760 1173 3820 Multi,
1196 3763 1280 3813 etiam

278 3845 432 3895 accuratius
450 3840 681 3893 lithauthracem
694 3841 807 3892 eandem
823 3857 878 3892 rem
894 3848 1003 3893 vocant.
1037 3843 1077 3893 Ex
1091 3844 1184 3895 eadem
1199 3851 1282 3897 mate-

278 3928 318 3978 ria
331 3933 443 3978 excocta
461 3925 590 3991 spiritus
603 3925 700 3989 prodit,
717 3924 763 3989 qui
776 3941 913 3983 accensus,
928 3925 1020 3976 lumen
1035 3927 1186 3990 profundit.
1202 3928 1279 3980 Hunc

277 4011 403 4075 spiritum
418 4025 547 4060 vocamus
560 4006 781 4068 outhrdcinum,
802 4008 845 4058 vel
865 4005 1142 4061 lithanthrdciuum.

378 4094 402 4145 2.
420 4092 539 4145 Subaudi
557 4089 733 4142 cubiculum.
