3128 5016
624 802 712 856 sons
731 802 816 855 nuru
836 802 942 857 eroon
1220 786 1285 857 293

364 969 517 1052 Godirey
532 1005 574 1015 -
589 969 730 1039 ubinam
753 971 885 1040 interea
899 977 974 1040 erat
998 970 1172 1053 Godirey?
1195 969 1286 1039 Nam

279 1071 351 1154 ipse
365 1070 511 1153 vestigia
527 1070 697 1140 Crochard
712 1070 845 1153 insequi
860 1070 943 1140 mihi
957 1070 1109 1153 parebat.
1124 1071 1220 1140 Num
1235 1069 1285 1139 in·

279 1170 512 1253 sequebatur?
525 1171 621 1240 Num
628 1192 706 1240 cum
722 1192 762 1240 eo
771 1191 895 1239 manus
904 1192 1080 1240 conserere
1089 1190 1194 1239 ausus
1204 1171 1287 1241 est?

280 1270 436 1340 Fortasse
451 1270 555 1340 etiam
570 1271 633 1340 hoc
648 1270 721 1353 ipso
735 1277 908 1340 momento
923 1324 931 1339 .
948 1324 956 1340 .
973 1324 981 1339 .

364 1387 431 1458 Vix
445 1389 513 1456 mei
529 1409 667 1470 compos
681 1387 849 1471 palpando
863 1387 947 1457 mihi
961 1387 1054 1457 viam
1068 1386 1112 1457 ad
1135 1385 1284 1469 telepho-

280 1508 365 1556 num
380 1487 534 1570 quaesivi,
549 1509 588 1557 ac
603 1509 787 1557 numerum
804 1488 957 1570 Godirey
972 1486 1078 1570 petivi
1087 1522 1128 1531 —
1138 1485 1286 1556 absurde

280 1592 316 1656 et
330 1594 449 1656 contra
457 1608 552 1669 spem
563 1608 713 1669 sperans,
729 1587 875 1670 denique
887 1594 1013 1668 tamen,
1025 1607 1160 1656 summo
1171 1593 1286 1669 stupo

281 1708 328 1770 re,
337 1693 373 1756 et
387 1686 423 1755 in
434 1708 596 1770 magnam
611 1687 715 1756 animi
729 1687 965 1756 allevationem
974 1708 1094 1756 vocem
1108 1685 1286 1757 eiusaudi·

281 1785 317 1855 vi
330 1821 371 1832 -
386 1807 455 1855 non
471 1786 655 1856 admodum
670 1787 814 1856 amicam
831 1839 839 1855 .
856 1840 863 1854 .
880 1840 888 1854 .
906 1840 913 1855 .

364 1901 481 1972 “Heus
493 1902 521 1972 !'’
539 1904 646 1973 refert
675 1904 756 1986 ipse.

363 2001 569 2086 “Godfrey,'’
584 2003 671 2086 coepi
686 2025 760 2086 ego,
776 2002 851 2072 “hic
867 2003 996 2073 Lester.
1013 2003 1072 2073 Ille
1087 2002 1228 2072 evasit.’'

364 2101 515 2186 “Utique
539 2103 669 2173 evasit!
685 2102 789 2186 Spero
813 2110 848 2172 te
864 2125 933 2172 non
959 2102 1003 2172 ob
1016 2102 1080 2172 hoc
1094 2124 1149 2172 me
1164 2124 1184 2172 e
1199 2103 1286 2172 lecto

282 2202 488 2272 evocasse?”

366 2301 479 2385 “Ergo
493 2301 555 2372 tibi
570 2302 634 2372 hoc
649 2302 814 2372 notum?”

365 2401 477 2472 “Novi
492 2423 573 2472 eum
587 2403 803 2472 evasurum.''

365 2500 502 2586 “Quum
518 2502 690 2572 clavulare
705 2502 748 2572 ad
764 2503 996 2586 argentariam
1016 2502 1160 2587 appulit,
1183 2522 1285 2571 nemo

281 2602 344 2672 nisi
359 2601 553 2673 Simmonds
567 2602 602 2671 in
615 2624 656 2671 eo
671 2610 828 2685 repertus
843 2610 905 2672 est.
921 2602 1114 2672 Simmonds
1127 2601 1228 2683 enlm,
1243 2607 1286 2671 ut

283 2710 373 2773 recte
389 2702 623 2785 suspicaberis,
638 2724 752 2772 comes
766 2703 840 2773 eius
854 2703 955 2773 ruit.”

365 2818 549 2889 “Ullumne
564 2819 643 2889 tulit
658 2819 910 2890 incommodum
919 2820 956 2889 '2’'

366 2917 493 2989 “Extra
509 2941 545 2989 se
559 2919 722 2989 inventus
736 2928 798 3001 est,
814 2919 873 2989 sed
887 2920 955 2988 iam
970 2918 1015 2989 ad
1030 2940 1066 2988 se
1082 2917 1212 2988 rediit.'’

365 3017 480 3089 “Bene
495 3028 603 3089 est-
618 3020 677 3090 sed
693 3020 862 3090 Crochard
879 3041 947 3088 non
958 3040 1039 3088 eum
1050 3018 1198 3088 laederet
1210 3017 1287 3101 lpse

282 3127 396 3189 tamen
412 3120 530 3202 utique
544 3142 624 3190 cum
638 3120 784 3204 gemmis
798 3119 923 3202 effugit
931 3119 968 3188 ?''

367 3235 547 3321 “Utique'’
564 3237 708 3321 repetivi
723 3237 879 3319 verbum,
905 3259 974 3306 non
998 3256 1121 3319 pamm
1144 3234 1288 3305 miratus

283 3336 434 3420 Godirey
449 3344 520 3407 tam
537 3359 636 3420 aequo
650 3337 764 3407 animo
780 3359 852 3406 rem
876 3337 980 3406 ferre.
1006 3335 1143 3419 “Quum
1156 3334 1191 3404 in
1206 3356 1287 3404 eum

283 3437 421 3507 modurn
436 3438 609 3521 erupisti‚'’
626 3438 798 3519 subiunxi,
823 3437 1008 3520 “putabam
1032 3436 1105 3506 fieri
1130 3456 1228 3519 posse
1249 3440 1289 3505 ut

283 3537 326 3607 ad
340 3537 578 3608 insectandum
593 3560 674 3608 eum
691 3538 847 3607 ruisses.”

365 3654 564 3739 “Quidum?
588 3656 704 3739 Quum
719 3656 791 3738 ipse
807 3654 889 3724 mihi
905 3653 1033 3723 vicenis
1055 3652 1198 3723 minutis
1217 3651 1286 3723 iam

283 3755 436 3838 superior
450 3756 563 3825 esset?
579 3756 657 3825 Non
672 3756 758 3825 adeo
772 3752 923 3824 insanio!
944 3755 1065 3836 Nuper
1079 3753 1138 3822 vix
1149 3750 1287 3822 dimidio

283 3855 406 3924 minuti
422 3855 562 3925 secundi
577 3856 731 3939 superior
745 3855 827 3924 mihi
843 3853 999 3937 effugit?

366 3969 534 4041 “Tentavi
545 3980 580 4041 te
597 3973 763 4055 assequi‚'’
779 3970 924 4054 explicui
939 3970 997 4051 illi,
1013 3968 1289 4053 “quamprimum

283 4069 474 4142 Simmonds
488 4094 543 4141 me
559 4072 721 4143 docuerat
736 4072 845 4142 ituros
860 4092 896 4141 se
911 4070 954 4140 ad
969 4091 1084 4141 arcam
1100 4067 1287 4149 visendam
