3128 5016
528 774 644 843 xcrbs
665 789 850 843 nammrrs
872 789 1030 844 uramus
1219 771 1282 841 305

279 958 415 1026 vultum
430 957 673 1027 excandescere
699 958 788 1027 sensi
804 980 929 1027 meum.
957 958 1070 1027 Herus
1096 956 1196 1040 Pigot
1212 977 1280 1025 non

279 1057 350 1127 sine
365 1057 582 1127 hilaritudine
598 1058 776 1128 subridens
791 1080 852 1128 nos
867 1059 1008 1141 aspexit.

363 1157 539 1227 “Eventus
553 1158 626 1227 sine
641 1158 745 1228 dubio
761 1181 926 1241 perquam
942 1165 1016 1228 erat
1031 1157 1247 1239 laetificus,”f
1269 1196 1281 1209 ·

280 1264 347 1336 tur,
357 1257 514 1327 “cernere
528 1259 697 1328 Crochard
709 1266 915 1341 operantem.
927 1259 1013 1327 Tam
1024 1257 1165 1327 iucundi
1180 1279 1281 1327 even·

279 1360 336 1426 tris
351 1365 475 1426 testem
491 1380 546 1427 me
561 1380 633 1427 esse
648 1381 826 1440 nunquam
841 1359 924 1427 mihi
940 1358 1091 1441 contigit.
1109 1358 1213 1427 Doleo
1228 1365 1279 1426 ta·

279 1479 357 1526 men
373 1479 453 1526 eum
469 1479 627 1527 securum
643 1459 836 1541 effugisse?

363 1557 578 1627 “Praesertim
589 1559 680 1641 quod
689 1559 887 1628 adamantes
896 1558 1154 1628 Michaelovitch
1164 1579 1279 1628 secum

281 1658 425 1741 rapuit,'’
441 1658 602 1727 subiunxi
618 1680 692 1741 ego.

357 1757 571 1840 “Antequam
583 1780 623 1827 ea
632 1757 910 1840 pertractemus,“
921 1759 1113 1840 interpellat
1125 1757 1277 1840 Godfrey

280 1859 457 1941 paululum
474 1858 661 1938 subridens,
674 1857 775 1926 “sunt
790 1880 860 1927 una
875 1860 1051 1940 alteraque
1063 1857 1278 1940 quaestiones,

281 1981 367 2041 quas
388 1959 460 2040 tibi,
475 1959 565 2026 Here
582 1958 693 2039 Pigot,
714 1980 901 2041 proponere
916 1959 1029 2039 velim,
1043 1965 1083 2027 ut
1095 1958 1281 2040 singularia

283 2059 538 2140 quaedam,quae
552 2058 648 2126 nobis
663 2059 809 2127 necdum
832 2067 915 2127 sunt
930 2059 965 2127 in
987 2058 1283 2141 claro,perspicuae

282 2159 413 2227 herent.
455 2159 560 2227 Estne
592 2181 713 2227 verum
745 2159 920 2228 consilium
948 2158 1035 2227 furti
1060 2158 1281 2228 adamantum

284 2258 541 2327 Michaelovitch
557 2280 577 2326 a
592 2258 762 2327 Crochard
778 2266 1009 2327 commentum
1025 2258 1134 2326 fuisse
1141 2259 1177 2327 ?''

367 2358 526 2440 “Absque
548 2358 660 2426 dubio.
679 2359 788 2427 Nemo
810 2360 928 2427 furum
944 2357 1182 2427 Francicorum
1198 2381 1282 2441 prae·

282 2466 335 2528 ter
350 2482 429 2528 eum
446 2466 542 2527 tanto
557 2459 753 2527 molimento
769 2481 831 2541 par
846 2460 966 2527 esset.'’

364 2559 542 2640 “AEquene
558 2581 678 2626 verum
701 2567 752 2627 est
774 2560 884 2627 nullas
906 2559 1051 2627 directas
1062 2558 1135 2627 eius
1151 2559 1197 2628 rei
1211 2561 1281 2629 evi·

281 2659 412 2728 dentias
427 2667 545 2726 contra
560 2681 639 2726 eum
656 2666 808 2740 repertas
823 2659 929 2727 fuisse
941 2659 977 2727 ?’'

366 2759 499 2840 “AEque
522 2780 652 2826 verum.
675 2759 861 2840 Negotium
883 2766 954 2826 tam
976 2765 1089 2826 astute
1109 2759 1224 2841 gessit,
1240 2768 1281 2830 ut

281 2882 360 2928 eum
383 2861 538 2928 evincere
560 2859 652 2926 nullo
674 2868 773 2940 pacto
804 2881 989 2941 possemus,
1010 2858 1073 2927 nisi
1106 2868 1281 2943 surreptas

280 2982 433 3042 gemmas
448 2961 481 3027 in
498 2982 560 3028 sua
576 2959 913 3039 deprehendissemus
932 2959 1170 3041 possessione.”

366 3060 431 3128 “Et
447 3060 508 3127 hoc
525 3082 586 3128 vos
601 3061 713 3126 tacere
730 3059 978 3141 nequivistis?”

364 3158 622 3240 “Nequivimus;
644 3180 857 3238 gemmarum
879 3159 973 3227 nulla
994 3159 1139 3242 vestigia
1158 3164 1281 3244 reperi·

281 3282 368 3340 mus,
384 3260 542 3341 quamvis
556 3259 668 3327 omnia
684 3259 811 3340 ruspati
828 3261 1009 3328 essemus.”

366 3358 433 3427 “At
449 3382 510 3427 vos
526 3359 567 3427 de
585 3380 663 3426 arca
680 3360 786 3427 Boule
803 3359 913 3442 deque
937 3360 1058 3430 torulis
1072 3363 1212 3433 occultis
1234 3366 1284 3434 ni-

283 3459 328 3527 hil
345 3459 499 3527 scistis?”

368 3559 440 3627 “De
450 3559 501 3627 his
513 3561 594 3628 nihil
605 3563 773 3631 scivimus.
787 3561 965 3630 Famosam
980 3584 1055 3631 earn
1068 3583 1181 3631 arcam
1193 3585 1214 3633 a
1227 3587 1283 3636 me

283 3661 525 3743 explorandam
541 3661 607 3729 iam
618 3685 691 3732 esse
706 3662 885 3731 arbitror.”

367 3760 448 3827 “Est
464 3783 575 3842 operae
591 3766 750 3844 pretium.
767 3763 810 3830 Et
825 3761 965 3831 historia
976 3762 1049 3832 eius
1058 3765 1284 3838 memorabilis

282 3870 343 3930 est.
361 3861 425 3930 Sed
443 3862 502 3929 tibi
519 3863 696 3932 constabat
711 3863 881 3932 Crochard
896 3863 950 3932 hic
966 3863 1000 3931 in
1024 3862 1181 3933 America
1206 3867 1285 3938 ada·

282 3969 417 4031 mantes
432 3985 489 4030 eos
505 3964 715 4033 venumdare
731 3971 945 4032 tentaturum
955 3963 991 4032 ?''

371 4061 463 4130 “Hoc
480 4063 582 4144 probe
599 4064 768 4144 scivimus,
784 4085 846 4132 nec
861 4063 1047 4146 quidquam
1061 4070 1113 4133 est
1135 4067 1227 4148 quod
1240 4077 1284 4148 ad
