3150 5468
318 1189 380 1262 152
582 1208 793 1263 ursammn
815 1208 926 1263 onon
947 1201 1068 1262 nomn

406 1374 561 1446 Liberius
585 1398 676 1446 nunc
701 1376 769 1446 iam
794 1376 900 1447 verba
928 1375 1086 1458 faciebat,
1110 1382 1149 1445 ut
1178 1374 1328 1446 videtur'

320 1497 446 1560 magno
468 1498 570 1546 onere
596 1478 710 1546 levata
736 1513 776 1522 ·-
802 1499 864 1546 nec
879 1478 1033 1560 profecto
1049 1475 1130 1545 mihi
1146 1475 1325 1545 constabat

323 1598 427 1660 quam
442 1576 587 1660 magno!

410 1692 543 1763 “Herus
558 1694 706 1764 Vantine
721 1694 793 1777 ipse
807 1694 898 1764 haud
923 1694 1037 1764 minus
1060 1693 1327 1777 suspicabatur,”

322 1794 472 1878 inquam.
495 1793 592 1877 “Ipse
607 1795 642 1863 in
659 1817 695 1864 re
709 1795 907 1877 supellectili
922 1816 1088 1878 perquam
1113 1801 1188 1864 erat
1214 1816 1327 1864 versa·

321 1902 388 1976 tus,
403 1894 542 1977 fuitque
565 1894 691 1977 aliquid
714 1895 837 1963 insoliti
861 1895 949 1964 circa
971 1895 1058 1964 hanc
1084 1917 1209 1976 arcam,
1235 1895 1327 1977 quod

322 2015 398 2064 eam
413 1994 506 2063 herae
521 1995 722 2077 Montespan
739 1996 911 2076 quondam
927 1996 1033 2064 fuisse
1053 1995 1234 2078 propriam,
1248 2016 1326 2064 sua·

322 2094 402 2165 dere
426 2095 616 2164 videbatur.
653 2095 741 2164 Huic
767 2095 930 2164 rimandae
952 2103 1027 2165 erat
1046 2096 1200 2165 intentus
1214 2116 1323 2179 quum

323 2216 414 2264 mors
429 2216 508 2264 eum
524 2195 731 2277 supervenit.
748 2195 838 2277 Quid
852 2195 907 2264 ille
923 2196 1009 2265 alius
1024 2204 1099 2265 tum
1120 2197 1251 2278 fecerit,
1266 2217 1324 2265 ne·

326 2294 461 2376 scimus,
486 2295 545 2364 sed
575 2296 603 2364 si
633 2294 803 2364 declarare
830 2318 1011 2377 possumus
1036 2297 1113 2379 quis
1135 2297 1188 2365 ille
1213 2296 1320 2366 fuerit

324 2396 472 2464 multum
486 2395 648 2464 iuvabit.’'

406 2494 583 2564 “Necdum
598 2495 830 2564 declaravistis
839 2496 875 2564 ?”

407 2593 519 2664 “Nihil
536 2595 722 2677 quidquam
733 2596 775 2664 de
791 2617 832 2664 eo
847 2596 983 2677 scimus,
996 2603 1226 2679 praeterquam
1237 2596 1329 2679 quod

328 2694 480 2764 Francus
495 2695 574 2776 fuit,
589 2704 651 2763 aut
667 2696 713 2764 sic
729 2695 825 2764 nobis
840 2695 952 2764 visum
968 2704 1030 2777 est,
1045 2704 1080 2764 et
1095 2696 1188 2777 quod
1203 2717 1264 2778 per
1278 2697 1333 2765 Lu

330 2797 506 2864 Touraine
521 2795 624 2864 biduo
639 2803 719 2864 ante
734 2796 800 2864 huc
818 2796 1004 2879 pervenit.”

412 2911 560 2982 “Eadem
576 2912 649 2995 ipsa
663 2913 731 2981 fuit
747 2913 845 2981 navis
859 2935 928 2995 qua
943 2934 1007 2996 ego
1023 2920 1122 2982 vecta
1137 2913 1245 2982 sum.”

416 3012 520 3082 “Mihi
536 3013 676 3096 proinde
692 3013 727 3081 in
742 3021 892 3082 mentem
908 3013 1002 3082 venit
1021 3021 1055 3082 te
1081 3014 1236 3094 fortasse,
1257 3032 1334 3082 mea

327 3113 428 3195 Hera,
444 3136 523 3183 eum
539 3113 615 3182 visu
630 3114 764 3182 novisse
780 3149 819 3157 -
835 3121 896 3182 aut
911 3113 1019 3182 fuisse
1034 3113 1095 3182 tibi
1111 3113 1175 3183 alio
1185 3113 1332 3196 quodam

325 3214 425 3283 modo
441 3214 599 3283 notum.'’

409 3330 520 3415 “Quid
535 3330 567 3399 ei
580 3352 704 3399 nomen
719 3330 832 3399 suitl’

412 3448 571 3530 “Pagella
599 3470 703 3530 quam
727 3448 798 3531 ipse
828 3447 910 3516 hero
940 3447 1087 3516 Vantine
1117 3446 1321 3517 submiserat

331 3570 456 3618 nomen
472 3548 648 3631 Theophili
663 3548 834 3617 d'Aurelle
849 3547 1013 3617 ferebat.”

417 3649 535 3732 Capite
550 3648 680 3717 abnuit.

417 3748 573 3818 “Nomen
589 3748 662 3830 hoc,
677 3748 723 3816 mi
739 3747 828 3816 Here
845 3747 973 3829 Lester‚
988 3770 1165 3831 nunquam
1190 3746 1335 3817 antehac

331 3849 478 3919 audivi.’'

415 3966 569 4035 “Nomen
585 3973 619 4034 et
635 3987 697 4033 nos
713 3972 910 4034 mutuatum
935 3965 1170 4048 credidimus,”
1197 3987 1334 4048 respon·

333 4068 377 4149 di,
394 4068 452 4136 sed
468 4069 614 4135 fortasse
629 4066 716 4134 hanc
732 4065 877 4148 effigiem
893 4067 1086 4148 agnosces,”
1112 4066 1238 4149 quibus
1262 4088 1337 4135 ver·

335 4168 387 4237 bis
401 4167 548 4250 effigiem
564 4189 583 4235 e
598 4168 730 4235 sacculo
752 4166 951 4248 productam
966 4167 1011 4234 illi
1027 4166 1170 4249 porrexi.

419 4285 490 4353 Hac
506 4291 654 4365 accepta,
670 4283 861 4351 accuratius
876 4305 950 4351 eam
967 4282 1107 4365 aspexit,
1129 4281 1187 4350 sed
1212 4283 1338 4352 iterum

334 4392 438 4467 caput
454 4384 640 4466 quatiebat.
665 4383 755 4451 Tum
771 4382 813 4450 ad
836 4383 925 4450 latus
950 4403 1114 4450 conversa
1137 4381 1274 4465 ricaque
1295 4383 1339 4450 le

334 4493 426 4567 vata,
442 4483 589 4553 uberiori
605 4483 678 4551 luce
695 4482 916 4561 inspectabat.
