3128 5016
569 744 675 864 ocum
696 809 887 864 ARDENTES
1165 791 1228 864 117

312 976 450 1048 “Unum
472 984 624 1060 coeptum
646 978 865 1047 temerarium
889 977 1033 1048 sufficiet
1056 999 1119 1061 pro
1142 976 1228 1059 die,’'

229 1078 386 1159 respondi
403 1099 468 1160 ego
482 1099 561 1147 cum
577 1077 730 1160 suspirio,
746 1077 1021 1161 quandoquidem
1042 1077 1123 1146 mihi
1145 1076 1231 1147 fides

228 1178 360 1259 occulti,
377 1177 511 1255 veneni,
526 1184 798 1260 caeterarumque
814 1200 929 1246 rerum
937 1199 1017 1247 cum
1032 1177 1164 1258 impetu
1179 1197 1230 1246 re-

227 1277 300 1345 dire
316 1278 427 1360 coepit.
451 1277 534 1345 Fere
550 1277 772 1359 poenitentem
787 1299 842 1346 me
856 1299 940 1359 erga
955 1276 1105 1358 Godtrey
1128 1275 1228 1359 gessi,

228 1377 319 1459 quod
336 1399 486 1459 unquam
503 1397 609 1446 ausus
623 1377 686 1445 sim
701 1377 789 1446 circa
802 1400 882 1446 eum
897 1376 1064 1447 dubitare.
1095 1375 1230 1446 “Satius

227 1478 292 1546 erit
308 1477 474 1558 dubitare,
491 1477 549 1545 sed
564 1484 760 1559 exspectare
775 1498 814 1547 ac
824 1477 940 1547 videre
951 1483 1069 1546 utrum
1080 1476 1228 1560 primum

228 1577 300 1646 vita
316 1576 461 1645 evadere
476 1598 652 1659 queamus,
668 1598 772 1659 quam
786 1578 932 1646 alterum
954 1576 1144 1660 paremus.’'

312 1676 437 1745 “Recte
452 1677 598 1757 mones,'’
622 1677 670 1746 ait
686 1677 836 1760 Godfrey
860 1677 983 1746 ridens.
1014 1677 1228 1760 “Rupturam

228 1776 315 1845 banc
331 1784 445 1844 tamen
462 1776 656 1859 reparabo.''

311 1877 493 1946 Cultellum
519 1877 635 1959 itaque
661 1878 879 1961 exprompsit,
904 1878 1001 1947 binos
1026 1884 1088 1947 aut
1112 1883 1229 1947 ternos

228 1999 342 2057 uncos,
361 1977 419 2059 qui
436 1977 548 2045 tortile
565 1977 774 2046 destinatum
790 1978 963 2059 tenebant,
979 1977 1117 2058 laxavit,
1132 1976 1227 2046 torti·

227 2078 258 2145 le
273 2077 448 2159 utrimque
465 2077 605 2159 propius
625 2078 804 2159 contraxit,
831 2078 1021 2146 velaturam
1046 2076 1228 2160 deglupsit.

226 2186 397 2245 extremos
412 2177 497 2245 fines
512 2176 677 2245 tortilium
692 2177 726 2245 in
743 2179 881 2260 laqueos
902 2177 1041 2260 inflexit,
1056 2176 1228 2260 copulavit

226 2298 265 2346 ac
281 2277 439 2346 revinxit.

310 2377 414 2457 “En'’
431 2377 552 2460 inquit,
569 2375 701 2446 “totum
718 2379 895 2447 relectum.
918 2377 952 2448 si
975 2378 1165 2460 perfractor
1178 2377 1229 2446 fe

226 2485 376 2546 nestram
391 2477 637 2558 attrectaverit,
669 2477 921 2546 suscitatorium
937 2477 972 2546 in
988 2484 1120 2546 motum
1136 2483 1227 2559 aget.
1269 2469 1279 2484 ⁸

226 2578 272 2645 At
298 2599 365 2645 non
393 2585 476 2660 puto
500 2599 580 2645 eum
607 2577 639 2645 id
664 2578 849 2646 facturum.
872 2577 962 2662 Quin
978 2577 1133 2646 existimo
1147 2597 1227 2647 eum

226 2698 306 2745 suas
319 2677 586 2746 machinationes
608 2678 799 2759 patefactas
813 2699 887 2747 esse
902 2677 970 2746 iarn
986 2676 1143 2746 sentire.”

311 2777 399 2859 “Qui
415 2776 448 2845 id
465 2776 547 2845 sciat
557 2776 594 2844 ?’'
610 2776 771 2845 dubitans
785 2799 912 2859 quaero.

309 2876 364 2946 “Si
379 2877 484 2945 oculis
497 2877 584 2945 banc
599 2877 786 2945 fenestram
802 2876 1030 2960 prosequitur,
1045 2876 1227 2960 quodcum

226 2977 340 3045 facere
355 2976 513 3046 credibile
529 2983 590 3057 est,
617 2977 733 3045 lumen
757 2999 873 3046 meum
895 2977 991 3046 vidit.
1014 2977 1171 3046 Fortasse
1192 2982 1228 3046 et

226 3098 317 3145 nunc
330 3076 480 3158 vigilat.”

309 3176 462 3258 Opacum
478 3176 641 3245 fenestrae
666 3176 835 3258 quadrum
862 3176 954 3245 haud
981 3176 1052 3246 sine
1078 3175 1226 3259 quodam

226 3286 374 3346 tremore
389 3276 585 3346 contuebar.
609 3277 679 3345 lam
696 3277 873 3360 negotium
887 3277 979 3347 istud
994 3298 1119 3347 nervos
1133 3298 1227 3347 meos

225 3377 350 3446 iterum
365 3376 498 3445 afficere
513 3377 625 3459 coepit.
635 3377 700 3446 Sed
715 3377 866 3460 Godfrey
880 3377 1041 3448 humeros
1049 3377 1227 3461 exagitans

224 3501 261 3547 se
276 3477 413 3546 avert‘t.
846 3510 849 3515 ·

309 3578 431 3646 “Nunc
458 3577 597 3646 tandem
624 3577 667 3646 ad
693 3579 838 3660 arcam‚”
865 3580 972 3661 fatur,
1003 3577 1156 3662 mihique
1189 3577 1225 3647 in

224 3699 366 3747 ascensu
383 3678 511 3760 postico
526 3678 669 3760 praeivit.

308 3780 438 3861 Rogers
463 3801 573 3862 usque
600 3779 634 3846 in
663 3779 797 3848 camula
820 3779 992 3849 desolatus
1016 3779 1165 3862 sedebat,
1190 3785 1226 3849 et

224 3879 363 3964 propius
378 3902 457 3948 eum
473 3879 665 3962 aspiciendo
680 3880 853 3962 percipere
869 3886 1022 3962 poteram
1038 3901 1142 3962 quam
1158 3880 1227 3962 pal·

224 3981 313 4050 lidus
328 3980 547 4062 deiectusque
563 3987 661 4048 essct.
685 3980 837 4063 Quaeque
863 3979 936 4048 eius
959 3978 1147 4049 sollicitudo
1172 3979 1226 4050 fu·

223 4081 299 4162 erit,
314 4080 382 4149 imo
398 4080 472 4149 eius
486 4080 599 4149 animo
614 4079 759 4151 insidere
774 4080 857 4151 satis
870 4080 1058 4150 constabat.
