3150 5468
283 1179 347 1247 718
547 1192 755 1247 ursrnmuu
776 1191 885 1246 rnen
906 1184 1026 1245 eoum

282 1361 323 1443 ci,
338 1361 585 1432 delectamento
600 1361 683 1430 mihi
698 1360 763 1430 erit
777 1360 907 1443 aliquot
922 1357 1169 1442 pulcherrimas
1192 1355 1291 1426 vobis

288 1483 443 1544 gemmas
457 1461 648 1531 exhibere.''

263 1578 264 1581 ’
371 1562 559 1644 Nunquam
573 1583 682 1644 usque
707 1560 750 1629 ad
773 1561 836 1630 hoc
859 1567 1072 1629 momentum
1095 1556 1291 1642 suspicabar

288 1663 370 1745 quid
385 1663 439 1731 ille
454 1663 589 1731 forulus
603 1662 748 1741 celaret;
770 1661 938 1730 hactenus
952 1660 1043 1730 enim
1058 1665 1181 1741 captus
1195 1679 1291 1727 eram

286 1771 358 1832 tarn
383 1762 524 1832 historia
550 1763 696 1831 istorum
719 1761 875 1831 dentium
901 1767 1160 1841 venenatorum,
1185 1779 1291 1842 quam

286 1870 411 1932 caetera
424 1863 629 1944 narratione,
655 1883 759 1945 quam
783 1883 891 1944 agens
906 1860 1088 1931 Francicus
1102 1865 1201 1929 tanta
1215 1858 1290 1942 qui·

285 1963 424 2032 etudine
459 1969 625 2044 tantoque
648 1962 775 2031 effectu
800 1961 897 2031 nobis
922 1959 1127 2040 tradiderat;
1163 1979 1289 2029 verum

285 2084 377 2132 nunc
392 2063 461 2132 iam
476 2062 702 2131 animadverti
717 2062 869 2131 forulum
884 2059 1074 2131 convolutis
1088 2058 1291 2143 gossypinis¹

286 2185 359 2233 esse
375 2163 613 2233 conferetum.²

370 2264 484 2333 Herus
498 2263 599 2346 Pigot
614 2263 761 2346 primum
775 2263 899 2332 horum
915 2262 1069 2345 sumpsit,
1094 2261 1233 2343 evolvit,
1254 2266 1291 2330 et

285 2365 321 2433 in
336 2363 547 2446 scriptoriam
556 2385 644 2433 arcae
655 2370 788 2446 partem
802 2363 988 2444 collocavit,
998 2384 1067 2445 quo
1077 2363 1171 2431 facto
1182 2361 1291 2444 splen·

286 2466 404 2533 dorem
432 2464 643 2546 fulgentium
669 2465 891 2533 adamantum
906 2462 1120 2546 percepimus
1145 2497 1187 2506 -
1210 2460 1290 2531 ada·

287 2571 443 2633 mantum
459 2571 530 2632 tam
544 2565 737 2646 grandium,
752 2570 825 2632 tam
839 2563 1062 2646 fulgidorum
1085 2569 1227 2644 tamque
1249 2560 1291 2630 si·

287 2687 331 2734 ne
357 2665 490 2733 macula
516 2665 745 2745 candentium,
768 2671 809 2732 ut
832 2685 905 2746 prae
927 2663 1149 2732 admiratione
1164 2683 1208 2732 ex
1221 2661 1290 2730 imo

286 2764 459 2833 traherem
473 2764 667 2846 suspirium.
685 2765 759 2847 lpse
774 2764 858 2834 adeo
884 2764 988 2833 herus
1013 2763 1124 2846 Pigot,
1138 2763 1198 2845 qui
1220 2783 1290 2831 non

287 2865 386 2934 facile
412 2864 542 2932 moveri
566 2864 629 2933 sibi
652 2865 773 2934 virtuti
798 2864 955 2946 habebat,
981 2863 1074 2933 haud
1089 2863 1189 2933 facile
1204 2863 1291 2932 talos

286 2986 442 3047 gemmas
457 2965 563 3033 oculis
577 2965 724 3034 lustrare
747 2965 882 3034 valebat
903 2964 987 3047 quin
1009 2964 1123 3033 animo
1145 2984 1291 3033 commo

287 3072 447 3144 veretur;
462 3065 497 3132 in
513 3086 620 3146 genas
634 3065 709 3134 eius
724 3065 827 3134 rubor
841 3065 966 3133 sensim
980 3063 1125 3147 irrepsit,
1140 3071 1181 3133 ut
1195 3063 1291 3133 deor·

287 3187 363 3235 sum
379 3165 413 3233 in
429 3186 583 3247 gemmas
602 3167 716 3234 oculos
739 3165 876 3249 figebat,
900 3186 1010 3234 unum
1034 3165 1249 3246 alterumque
1271 3184 1290 3233 e

286 3264 470 3334 maioribus
494 3265 630 3334 sustulit
664 3273 704 3334 ut
729 3288 787 3334 eas
808 3265 947 3348 propius
970 3271 1169 3347 aspectaret
1199 3263 1290 3333 Tum

286 3387 396 3434 unum
411 3366 632 3434 convolutum
647 3374 723 3448 post
737 3367 884 3435 alterum
899 3365 1027 3435 evolvit
1035 3365 1139 3434 semel
1149 3364 1289 3434 iterum·

288 3488 354 3548 que
370 3466 492 3534 sistens
506 3473 548 3534 ut
562 3467 820 3548 grandiusculus
834 3466 974 3548 propius
987 3465 1191 3535 intueretur.

371 3565 455 3634 “Hae
469 3588 616 3647 gemmae
631 3575 712 3634 sunt
728 3575 843 3648 partes
856 3565 990 3635 monilis
1003 3565 1180 3635 clarissimi
1196 3564 1288 3648 quod
1330 3632 1337 3637 .

287 3667 435 3748 Magnus
450 3667 528 3734 Dux
543 3666 586 3735 ab
601 3667 679 3735 avia
694 3689 757 3735 sua
772 3667 806 3735 in
822 3666 1060 3735 haereditatem
1081 3666 1289 3749 acceperat?

284 3767 428 3849 explicat
457 3766 561 3835 herus
591 3767 701 3849 Pigot,
732 3774 901 3836 ostestans
930 3788 1077 3850 parvum
1107 3767 1286 3836 cumulum

387 3980 410 4029 1.
429 3977 616 4046 Gosaypium,
633 3980 678 4044 -ii,
695 3987 737 4034 est
749 3983 776 4034 id
789 3983 862 4045 quod
877 3982 1006 4036 Germani
1023 3979 1126 4034 lunam
1148 3981 1289 4034 arboream

284 4061 327 4111 vel
340 4061 459 4126 ligneam
472 4070 580 4123 vocant,
598 4081 679 4130 quam
704 4072 783 4117 terrae
808 4066 965 4118 meridianae
987 4065 1115 4130 gignum,
1132 4069 1161 4116 et
1178 4080 1212 4116 ex
1224 4080 1289 4131 qua,

287 4150 425 4205 tamquam
439 4163 469 4196 ex
485 4147 549 4207 lino,
563 4148 646 4199 telam
660 4149 757 4209 albam,
771 4150 920 4212 aliquando
932 4165 993 4201 cum
1007 4149 1064 4201 lino
1078 4149 1171 4209 mixta,
1183 4154 1291 4210 texunt,

285 4229 399 4279 vulnera
413 4229 554 4295 obtegunt,
568 4247 598 4283 ac
611 4233 864 4296 quamlmultifariis
877 4233 964 4285 modis
974 4233 1113 4285 adhibent

389 4315 412 4364 2.
432 4312 611 4378 Corrserca‘ut
632 4315 726 4380 serui,
755 4316 902 4381 -fcrctum,
929 4317 981 4376 vel,
1004 4332 1052 4381 per
1075 4317 1290 4378 affectationem,

286 4394 458 4460 consertum,
486 4399 585 4450 omisso
612 4414 634 4459 c,
661 4416 721 4464 quae
744 4400 855 4451 omissio
880 4400 1009 4451 studiosis
1022 4399 1213 4452 confusionem
1225 4416 1289 4452 curn

288 4480 369 4531 verbo
377 4478 445 4544 sero
457 4481 567 4533 incutit.
