3128 5016
346 718 410 785 318
607 733 817 786 nrsrenrun
838 734 949 787 ΑΜ
971 726 1089 788 bourn

432 901 594 969 Attamen
609 900 697 969 binis
722 908 797 983 post
813 901 1009 983 septimanis
1024 900 1148 970 litterae
1162 899 1352 983 inscriptio

348 1000 400 1068 nis
416 1001 565 1068 unciales
580 1001 661 1068 mihi
679 1023 797 1071 revera
812 1002 876 1070 sub
892 1002 1006 1071 oculos
1020 1001 1234 1071 ceciderunt:

349 1251 628 1320 ADAMANTES
656 1251 1028 1322 lllICHAELOVlTCH
1049 1251 1353 1322 ADULTERINI!

483 1369 598 1421 AGENS
616 1366 815 1422 FRANCICUS
832 1370 878 1421 EX
896 1369 1053 1423 nnunlcn
1070 1369 1216 1423 Gabinus

645 1469 893 1522 ADULTERINAS
911 1469 1050 1522 REFERT

483 1583 574 1622 Funus
587 1583 713 1622 nurncrx
728 1583 777 1623 rsa
788 1582 870 1631 ouum
885 1582 1003 1623 udonus
1016 1581 1076 1622 nux
1090 1581 1217 1622 urentur.

374 1671 542 1722 Adamantes
560 1671 650 1723 denuo
668 1671 741 1722 Auro
759 1670 977 1736 complectendos
990 1670 1024 1723 ad
1036 1669 1222 1723 Gemmarium
1238 1670 1337 1724 mittit.

434 1905 529 1988 Opus
544 1905 636 1974 haud
651 1926 724 1975 esse
747 1905 983 1974 existimabam
1008 1906 1191 1976 articulum
1216 1904 1277 1989 qui
1302 1926 1354 1975 se·

350 2006 521 2088 quebatur
536 2007 659 2088 legere,
675 2005 743 2074 vidi
760 2005 850 2075 enim
864 2005 935 2075 ictu
951 2006 1040 2075 oculi
1061 2005 1144 2089 quid
1170 2005 1352 2076 evenisset.

350 2107 433 2175 Inde
442 2106 545 2175 etiarn
558 2105 707 2174 intellexi
722 2126 828 2187 quare
840 2105 1009 2174 Crochard
1021 2127 1177 2187 gemmas
1190 2105 1353 2175 adulteri·

349 2228 412 2274 nas
427 2213 659 2275 conservasset
675 2241 715 2249 -
731 2227 833 2274 usum
849 2205 940 2274 enirn
951 2227 1071 2275 earum
1082 2213 1251 2289 capturus
1264 2212 1351 2275 erat.

352 2306 418 2375 Ubi
435 2313 549 2373 tamen
565 2312 599 2374 et
614 2305 751 2387 quando
774 2305 996 2374 commutatio
1010 2306 1105 2375 facta
1119 2306 1174 2387 sit,
1196 2304 1352 2375 divinare

351 2414 488 2475 tantum
504 2427 602 2487 que0;
619 2427 728 2474 unum
750 2413 865 2473 tamen
891 2414 1025 2474 certum
1048 2427 1123 2475 esse
1138 2405 1250 2475 debet:
1272 2404 1353 2475 duae

351 2507 550 2588 septimanae
565 2528 586 2574 a
602 2512 755 2587 ternpore
782 2505 868 2574 furti
884 2506 966 2574 satis
980 2514 1079 2575 erant
1094 2505 1154 2575 otii
1170 2527 1239 2589 quo
1264 2526 1351 2589 prae·

351 2606 430 2675 darn
446 2606 515 2687 ipse
531 2606 713 2674 divendere
730 2613 852 2687 posset.
869 2604 1002 2674 Sortem
1017 2606 1135 2689 Magni
1161 2605 1267 2676 Ducis
1289 2604 1353 2675 mi·

351 2714 464 2774 sertus
479 2728 565 2786 sum;
581 2706 684 2774 etiam
707 2706 816 2788 magis
845 2705 936 2774 dolui
965 2705 1075 2774 vicem
1105 2704 1352 2788 praeclarissimi

351 2806 424 2874 heri
441 2806 550 2887 Pigot;
566 2806 670 2874 nihilo
687 2813 801 2875 tamen
817 2805 927 2874 secius
941 2804 1019 2888 quis
1033 2827 1102 2874 non
1117 2806 1302 2876 miraretur
1317 2827 1352 2875 a·

352 2906 539 2975 laenitatem
555 2914 590 2974 et
606 2906 841 2988 pernicitatem
856 2905 1001 2975 hominis
1016 2905 1076 2988 qui
1101 2905 1165 2975 hos
1188 2905 1354 2990 spoliave-

352 3009 436 3075 rat?
459 3006 606 3074 Mirabar
621 3006 697 3088 quis
713 3006 860 3074 blazarin
876 3006 1022 3075 emisset.
1040 3005 1073 3074 Is
1093 3014 1185 3076 certe
1211 3006 1353 3076 adamas

352 3106 494 3174 venditu
512 3106 728 3175 difficillimus
743 3106 821 3174 fuit.
848 3106 987 3175 Poterat
1001 3105 1123 3188 utique
1133 3105 1168 3175 in
1179 3106 1294 3176 frusta
1304 3126 1354 3177 se·

353 3206 421 3274 can'
437 3242 476 3249 -
493 3228 614 3275 verum
631 3206 693 3274 hoc
709 3206 923 3288 sacrilegium
938 3206 1101 3275 futurum
1115 3206 1212 3276 erat!

437 3307 621 3385 Quaestioni
639 3316 753 3375 tamen
769 3306 850 3375 huic
865 3306 979 3389 paullo
992 3312 1070 3388 post
1084 3326 1286 3390 responsum
1300 3314 1353 3377 est

353 3406 516 3487 singulari
533 3406 680 3487 quodam
697 3407 850 3475 modo-
861 3406 919 3475 tali
934 3427 1058 3489 nempe
1073 3413 1169 3477 uteo
1182 3406 1354 3477 narrando

353 3505 489 3588 plurimi
505 3505 706 3574 diurnorum
737 3514 835 3575 antes
864 3506 1092 3588 explerentur,
1122 3526 1353 3590 magnamque

353 3608 565 3687 voluptatem
588 3608 693 3687 vulgo
725 3606 895 3687 Francico,
918 3605 1093 3675 comoediae
1121 3606 1354 3677 amantissimo

353 3706 503 3785 afferret,
518 3706 643 3787 auique
660 3706 765 3774 nostri
778 3705 948 3774 Crochard
959 3706 1088 3775 famam
1099 3705 1227 3775 mirum
1238 3706 1274 3775 in
1284 3726 1355 3775 mo·

353 3806 435 3874 dum
452 3814 593 3885 augeret
610 3814 644 3874 et
660 3805 876 3874 diffunderet.
893 3805 1048 3888 Quodam
1072 3826 1173 3875 mane
1195 3806 1231 3875 in
1256 3806 1356 3875 novis

353 3906 586 3989 personalibus
601 3906 713 3974 diurni
731 3909 779 3975 Lo
795 3907 914 3975 Mat-in
930 3905 1051 3976 notitia
1065 3905 1158 3977 edita
1172 3914 1247 3978 erat
1261 3904 1355 3979 hunc

353 4007 428 4077 iere
443 4007 477 4076 in
493 4007 642 4076 modum:
