3128 5016
344 740 384 808 10
603 755 810 808 ursmruuu
834 755 941 808 nucu
963 750 1081 808 souin

426 922 563 992 “Altera
578 945 660 992 vcro
675 923 871 992 extremitas
879 923 915 991 ?’'

426 1039 550 1108 “Nulla
564 1040 629 1109 alia
644 1048 696 1109 est
711 1039 918 1108 extremitas.
931 1039 1070 1122 Proprie
1085 1040 1265 1122 loquendo,
1279 1040 1344 1109 uti·

343 1160 410 1221 que
424 1147 486 1220 est,
512 1140 604 1222 quod
619 1161 700 1223 opes
717 1161 802 1208 meae
818 1139 981 1208 limitibus
1003 1139 1093 1208 haud
1118 1147 1253 1218 carent;
1275 1161 1344 1208 non

343 1248 458 1308 tamen
480 1240 636 1308 existimo
657 1240 818 1308 futurum
834 1247 873 1307 ut
890 1239 1078 1321 quingenta
1095 1239 1197 1308 millia
1212 1240 1344 1308 franco·

343 1360 421 1408 rum
437 1347 471 1408 te
487 1339 650 1409 excedere
664 1340 850 1422 oporteat.’'

427 1438 572 1521 Spiritus
588 1439 670 1508 mihi
686 1439 794 1508 haesit.

428 1555 552 1624 “Aisne
568 1564 606 1625 tu
629 1565 663 1624 te
688 1563 826 1624 centum
854 1556 957 1624 millia
980 1556 1189 1625 centussium
1216 1555 1346 1624 Ameri-

342 1677 506 1724 canorum
521 1656 556 1723 in
572 1656 672 1724 istam
687 1677 800 1724 arcam
817 1656 988 1724 insumere
1004 1664 1163 1738 paratum
1179 1677 1252 1724 esse
1262 1655 1298 1723 ?''

427 1755 574 1824 Vantine
589 1763 677 1824 nutu
693 1755 824 1837 probat.

429 1854 555 1925 “Forte
571 1863 607 1924 et
621 1855 822 1937 plusculum.
845 1855 879 1924 Si
903 1855 1060 1924 dominus
1085 1863 1228 1936 recuset,
1253 1862 1347 1922 ante·

344 1977 447 2037 quam
462 1955 727 2037 negotiationem
743 1955 892 2036 dirimas,
908 1956 964 2024 fac
979 1977 1034 2023 me
1050 1955 1240 2024 certiorem.
1257 1954 1346 2036 Quo-

343 2054 524 2123 dammodo
537 2054 626 2123 circa
637 2054 725 2123 hanc
739 2076 811 2122 rem
827 2054 966 2135 insanio,
983 2063 1022 2123 ut
1038 2054 1157 2136 opinor
1174 2090 1212 2097 -
1229 2075 1347 2122 omnes

343 2155 587 2237 conquisitores
599 2154 781 2223 insaniunt.
798 2154 925 2223 Verum
941 2176 1017 2223 eam
1033 2176 1146 2223 arcam
1157 2152 1346 2235 concupivi,

344 2277 406 2324 nec
421 2277 475 2323 me
491 2255 678 2337 quidquam
692 2254 736 2323 ab
752 2277 793 2323 ea
806 2254 962 2323 habenda
978 2255 1137 2323 arcebit.'’

429 2371 520 2440 Nihil
537 2371 704 2454 respondi.
720 2370 843 2440 Oculos
857 2370 957 2440 modo
974 2371 1007 2440 in
1025 2393 1104 2439 eum
1120 2370 1231 2440 defixi.
1248 2369 1347 2438 Reni-

344 2472 454 2541 dendo
470 2472 630 2541 obtutum
647 2493 761 2541 meum
777 2472 920 2554 excepit.

428 2587 508 2668 “Te‚
533 2588 652 2657 Lester
672 2588 729 2668 mi,
751 2587 840 2656 idern
862 2587 904 2656 de
927 2609 981 2657 me
1003 2587 1128 2655 sentire
1151 2586 1346 2670 perspici0‚”

344 2687 464 2770 inquit.
488 2686 574 2756 “Mei
590 2709 693 2756 causa
708 2687 816 2755 times.
840 2687 911 2755 Nec
928 2695 962 2756 te
977 2687 1076 2768 culpo
1093 2722 1132 2730 -
1157 2694 1193 2754 at
1217 2685 1295 2754 veni
1312 2692 1347 2753 et

345 2785 455 2856 vide.”

428 2885 580 2968 Surgens
599 2887 724 2969 itaque,
741 2909 794 2954 me
820 2887 942 2955 comite
966 2909 984 2956 e
1011 2886 1166 2955 cubiculo
1192 2906 1349 2968 egressus

345 2993 407 3067 est,
422 3008 460 3055 ac
476 3008 537 3068 per
552 2986 680 3068 gradus
701 2986 891 3064 descendit;
914 2986 972 3055 sed
988 2987 1022 3054 in
1037 2986 1188 3055 inferiori
1213 2985 1344 3054 ambitu

344 3086 505 3156 constitit.

429 3186 607 3255 “Fortasse
622 3186 754 3269 aequius
769 3186 889 3265 esset‚’'
912 3186 1033 3268 inquit,
1058 3185 1105 3253 “si
1129 3185 1348 3268 peregrinum

345 3308 424 3355 eum
441 3286 535 3368 prius
560 3285 786 3354 convenirem.
811 3286 889 3366 Illic,
905 3285 939 3353 in
956 3285 1034 3353 aula
1059 3285 1198 3366 musica,
1220 3285 1349 3367 aliquot

345 3407 453 3454 novas
466 3385 620 3454 invenies
635 3385 850 3467 imagines-
862 3385 978 3467 paucis
989 3385 1132 3454 minutis
1143 3384 1204 3453 tibi
1215 3384 1348 3453 adero.”

430 3502 502 3584 Ego
517 3502 624 3585 igitur
639 3524 679 3570 eo
694 3502 743 3570 ire
758 3502 856 3584 coepi,
872 3502 942 3584 ipse
959 3509 1075 3570 autem
1088 3502 1269 3570 laevorsum
1285 3501 1348 3570 sub

345 3603 516 3672 fomicatu
533 3602 701 3671 transivit.

430 3702 602 3771 Momento
619 3701 780 3784 temporis
796 3709 871 3783 post
898 3722 1010 3769 acrem
1037 3701 1152 3768 audivi
1181 3700 1349 3782 vagitum,

346 3811 421 3871 tum
436 3823 533 3870 suam
549 3823 667 3870 vocem
682 3822 737 3869 me
753 3801 988 3883 appellantem.

430 3917 579 3998 “Lester,
596 3917 674 3986 veni
690 3917 757 3986 huc
769 3917 798 3985 !”
814 3918 937 3985 clamat
954 3916 1017 3984 ille.

431 4035 468 4103 ln
485 4034 615 4103 ambitu
642 4043 732 4103 retro
758 4055 867 4111 curro,
895 4042 929 4101 et
952 4034 1122 4112 conclave,
1149 4032 1239 4116 quod
1270 4055 1349 4102 eum
