3128 5016
595 784 701 840 ocuu
722 783 909 838 Annnurns
1199 767 1263 838 119

252 975 420 1036 reversus,
436 953 566 1022 lumina
581 952 721 1035 spiritus
734 951 987 1022 lithanthracini
1009 950 1172 1021 accendit.
1203 950 1258 1021 In·

251 1063 305 1123 tra
333 1060 546 1122 momentum
577 1053 706 1121 lumina
736 1052 905 1122 interioris
934 1073 1070 1135 quoque
1106 1050 1253 1121 cubiculi

252 1160 466 1223 exarserunt.

336 1254 420 1334 “Em
436 1254 527 1322 Here
543 1253 599 1334 mi,
616 1252 722 1322 habes
737 1261 797 1321 tua
822 1252 982 1334 lumina,’'
1009 1251 1121 1335 inquit
1147 1249 1255 1320 Parks

252 1376 374 1423 versus
389 1354 527 1423 ianuam
543 1353 712 1423 recedens
735 1352 993 1435 “Quidquamne
1008 1373 1064 1421 me
1079 1351 1132 1421 vis
1139 1350 1176 1420 ?'’

336 1453 457 1522 “Modo
473 1475 550 1521 non.
567 1453 734 1535 Exspecta
749 1459 863 1521 tamen
878 1452 969 1522 intra
983 1451 1160 1521 ambitum.
1176 1450 1256 1520 For·

252 1561 342 1622 tasse
358 1575 443 1636 opus
458 1561 493 1621 te
508 1552 739 1622 habebimus.''
775 1552 914 1621 Monere
938 1574 1017 1621 eum
1044 1550 1200 1620 volebam
1214 1558 1255 1619 ut

252 1653 397 1722 securim
411 1653 445 1721 in
462 1660 622 1735 promptu
637 1653 789 1734 haberet,
804 1652 868 1721 nisi
884 1651 975 1734 quod
1002 1650 1154 1733 Godfrey
1176 1648 1255 1719 sul>

252 1753 420 1822 ridentem
436 1753 515 1821 vidi.

335 1853 459 1933 “Bene,
482 1853 529 1922 mi
551 1853 672 1935 Here,'’
695 1853 867 1937 respondit
891 1852 1008 1935 Parks,
1033 1850 1126 1921 haud
1151 1849 1254 1920 dubie

250 1955 350 2023 laetus
365 1954 539 2022 discedens
553 1954 673 2022 clausit
688 1953 836 2022 ianuam.

334 2053 415 2121 Post
430 2053 504 2121 haec
519 2053 553 2121 in
570 2053 713 2122 interius
726 2053 920 2121 cubiculum
935 2050 1099 2136 praecessi.

335 2154 441 2222 “Ecce
456 2154 510 2222 hic
526 2176 566 2222 ea
582 2154 664 2234 est,”
679 2154 829 2235 inquam,
845 2153 965 2236 capitis
987 2159 1076 2221 nutu
1103 2150 1255 2220 indicans

251 2275 366 2322 arcam
396 2253 513 2333 Boule‚
539 2253 574 2321 in
600 2254 700 2335 pleno
730 2261 878 2321 stantem
909 2252 1077 2321 luminum
1107 2251 1254 2333 fulgore,

252 2374 389 2434 quaque
412 2352 577 2434 particula
608 2352 758 2421 intestini
775 2352 885 2434 operis
911 2350 1054 2420 basilisci
1078 2351 1253 2420 oculorum

252 2453 360 2521 instar
380 2452 554 2520 micanste.
592 2452 715 2521 “Haud
740 2474 815 2521 sero
840 2459 902 2534 est,
922 2451 969 2521 mi
993 2450 1154 2533 Godfrey,
1178 2470 1254 2519 eam

253 2552 389 2621 missam
406 2552 551 2621 facere.”

338 2651 431 2720 “Imo
446 2673 529 2720 vero
545 2652 629 2732 est,'’
644 2651 879 2734 frigidiuscule
894 2652 965 2735 ipse
980 2651 1087 2720 refert
1103 2650 1186 2720 dum
1200 2656 1255 2719 tu·
1350 2690 1356 2707 ·

253 2752 365 2822 nicam
391 2752 496 2821 exuit.
522 2751 614 2821 “Iam
631 2775 671 2821 eo
694 2759 867 2821 momento
891 2774 960 2835 quo
981 2751 1064 2820 mihi
1079 2750 1254 2821 historiam

250 2853 324 2923 eius
338 2874 541 2922 donaveras
556 2875 631 2921 sero
646 2853 723 2921 ruit.
750 2853 856 2933 Quid?
878 2853 1007 2933 Lester,
1022 2851 1049 2921 si
1071 2873 1147 2921 eam
1161 2871 1254 2920 nunc

252 2954 433 3033 mitterem,
449 2975 625 3036 nunquam
642 2953 787 3035 amplius
801 2952 981 3022 dormirem
990 2951 1019 3020 !'’

336 3052 414 3123 “Sin
431 3075 513 3122 vero
528 3053 651 3135 minus,
676 3075 852 3135 nunquam
877 3052 1023 3135 amplius
1047 3050 1255 3135 evigilabis,”

253 3153 423 3222 subiunxi.

335 3253 419 3322 Leni
434 3253 504 3322 risu
520 3253 703 3336 respondit.

336 3353 469 3434 “Quam
493 3376 592 3436 asper
614 3360 653 3423 tu
677 3361 776 3422 vates
798 3352 853 3423 es!
883 3353 1038 3424 Admove
1061 3352 1106 3422 sis
1127 3351 1254 3434 sellam,

253 3475 377 3536 meque
393 3453 569 3522 observa.”

336 3554 475 3623 Interim
499 3553 648 3623 manicas
671 3554 847 3623 subuculae
869 3575 941 3624 suae
970 3575 1106 3623 sursum
1135 3551 1254 3634 volvit,

251 3655 453 3723 laternulam
476 3662 593 3722 autem
617 3654 808 3723 electricam
832 3654 928 3723 iuxta
951 3675 1065 3722 arcam
1087 3651 1253 3735 deposuit.

252 3753 338 3822 Dein
354 3753 499 3823 brachiis
513 3753 620 3836 plexis
635 3754 804 3836 paulisper
830 3753 944 3823 oculos
959 3753 993 3821 in
1009 3751 1131 3821 eximio
1152 3773 1254 3836 opere

252 3853 325 3922 heri
343 3853 448 3922 Boule
463 3854 569 3936 pavit.

339 3952 429 4022 “Est
444 3953 516 4022 haec
534 3975 653 4022 revera
675 3952 891 4036 pulchritudo
915 3952 1018 4036 ipsa,'’
1042 3950 1181 4021 tandem
1204 3953 1255 4022 fa·

250 4061 318 4136 tur,
334 4061 409 4123 tum
424 4054 555 4123 forulos
569 4054 716 4136 pusillos,
732 4075 841 4123 unum
857 4060 934 4137 post
948 4053 1105 4136 altemm,
1119 4052 1255 4136 evulsit,
