3128 5016
348 790 410 858 132
610 805 819 860 orvsramou
840 805 949 860 arom
972 799 1091 860 aoura

431 972 478 1041 Ut
502 972 642 1041 domum
667 993 788 1042 versus
802 972 1052 1055 progrediebar,
1079 994 1193 1056 agere,
1208 973 1292 1057 quin
1307 972 1350 1043 de

343 1071 392 1140 iso
422 1094 545 1142 arcano
571 1073 716 1153 homine,
742 1073 799 1155 qui
826 1073 979 1142 animum
994 1072 1146 1156 Godfrey
1168 1081 1347 1156 tantopere

347 1173 520 1254 affecerat,
549 1173 636 1241 serio
662 1173 858 1256 cogitarem,
883 1195 951 1242 non
978 1180 1142 1255 poteram.
1164 1174 1353 1257 Nunquam

348 1273 485 1341 memini
511 1295 591 1342 eum
617 1273 659 1341 de
686 1294 721 1341 se
745 1295 824 1342 cum
847 1272 916 1342 ullo
937 1272 1132 1342 adversario
1146 1273 1353 1343 conferendo

347 1371 523 1452 dubitare;
545 1380 581 1441 at
596 1393 686 1440 nunc
702 1394 922 1455 congressum
937 1371 1105 1454 fugiebat,
1120 1378 1182 1442 aut
1195 1379 1287 1442 certe
1303 1394 1354 1442 re·

347 1472 554 1541 formidabat
572 1508 611 1516 -
626 1493 670 1540 ne
685 1473 811 1541 scilicet
826 1479 1047 1555 superaretur
1060 1480 1123 1541 aut
1137 1472 1353 1542 eluderetur!

348 1571 506 1654 Quantus
521 1573 567 1640 sic
583 1572 691 1640 honor
706 1573 785 1641 huic
800 1593 923 1641 arcano
938 1572 1056 1655 ignoto
1072 1571 1224 1642 tributus
1238 1572 1283 1642 sit
1295 1593 1354 1642 ne-

348 1693 404 1740 mo
419 1672 481 1740 nisi
495 1694 560 1755 ego
576 1671 727 1740 divinare
744 1672 848 1753 potui.

431 1789 521 1858 Tum
537 1810 618 1856 vero
634 1788 836 1857 cachinnum
862 1788 957 1858 illum
982 1787 1183 1858 derisorium
1206 1788 1354 1859 recolen-

348 1888 391 1957 do
406 1889 619 1972 aliquantum
643 1894 678 1957 et
704 1888 882 1970 trepidavi.
914 1888 1000 1957 Dein
1023 1910 1085 1972 per
1105 1888 1287 1957 humerum
1303 1910 1354 1958 re·

348 1997 504 2071 spectans
519 2011 658 2072 gressus
672 2011 765 2057 meos
786 1989 981 2070 acceleravi,
995 2011 1077 2058 nam
1092 1989 1120 2058 si
1135 1988 1287 2073 Godfrey
1313 1989 1355 2059 si·

346 2089 380 2158 bi
396 2090 587 2158 timendum
603 2089 749 2171 putavit,
765 2095 894 2172 quanto
909 2089 1019 2171 magis
1034 2089 1067 2159 id
1084 2088 1165 2157 mihi
1176 2088 1355 2158 convenie-

347 2188 424 2257 bat!
455 2190 587 2258 Pudore
613 2189 760 2271 quodam
786 2189 912 2271 agnovi
936 2210 992 2257 me
1015 2188 1155 2258 allevari
1177 2210 1286 2272 quum
1308 2188 1352 2258 ad

349 2289 612 2358 contubernium
628 2311 743 2357 meum
765 2289 907 2371 perveni
929 2289 1121 2371 Marathon,
1147 2288 1354 2372 ianuamque

352 2411 464 2457 meam
479 2389 644 2458 obseravi.

432 2506 627 2587 Antequam
654 2512 769 2573 tamen
795 2504 1042 2586 decubuissem,
1065 2525 1087 2573 a
1110 2503 1262 2587 Godfrey
1291 2504 1353 2574 ite-

349 2626 425 2674 rum
441 2605 603 2673 nuntium
619 2605 742 2687 accepi,
758 2626 819 2687 per
834 2605 1053 2687 telephonum
1068 2604 1159 2673 enim
1181 2611 1354 2686 evocatus,

348 2726 467 2772 vocem
484 2705 558 2773 eius
573 2704 710 2786 agnovi.

432 2821 545 2890 “Nihil
561 2820 624 2889 nisi
640 2828 674 2889 te
690 2820 809 2889 docere
824 2820 948 2903 cupivi,
965 2820 1115 2901 Lester,”
1137 2820 1259 2903 inquit,
1283 2818 1356 2889 “re-

348 2929 403 2990 cte
428 2928 461 2989 te
486 2921 664 2989 divinasse.
696 2921 919 3002 Mysteriosus
943 2920 997 2988 ille
1023 2919 1174 2989 Francus
1195 2919 1278 2988 navi
1299 2921 1353 2989 Lo

349 3023 525 3089 Touroine
540 3021 607 3090 huc
623 3020 789 3103 pervenit,
806 3041 965 3103 egressus
990 3028 1107 3089 autem
1123 3019 1263 3089 estheri
1283 3039 1353 3089 me·

346 3121 439 3201 ridie,
457 3129 577 3189 vectus
592 3142 674 3188 vero
690 3128 763 3188 erat
779 3119 998 3202 interstegio;
1029 3126 1196 3190 caeterum
1222 3118 1352 3188 instito

343 3220 436 3289 ribus
457 3220 500 3289 de
515 3243 555 3289 eo
572 3220 653 3288 nihil
669 3219 856 3288 constabat.
880 3219 955 3302 Quo
970 3219 1104 3289 circiter
1133 3226 1288 3302 tempore
1309 3217 1353 3288 ad

344 3319 490 3388 Vantine
507 3319 668 3402 pervenit
680 3319 716 3387 ?’'

433 3437 548 3506 “Circi
566 3437 684 3505 horam
701 3436 894 3516 secundam,
909 3442 950 3505 ut
966 3437 1081 3519 puto.”

431 3555 573 3636 “ltaque
589 3575 609 3621 a
624 3551 703 3620 navi
720 3555 813 3621 recta
827 3574 868 3620 eo
884 3552 956 3633 ivit,
972 3559 1013 3621 ut
1024 3560 1063 3621 tu
1076 3551 1251 3635 putavisti.
1266 3550 1354 3620 Hinc

348 3656 458 3738 palam
483 3655 523 3722 fit
548 3674 654 3735 quare
691 3652 829 3735 ignotus
859 3652 1017 3722 omnibus
1048 3652 1166 3722 fuerit.
1203 3651 1352 3722 Societas

347 3753 560 3837 navigatoria
576 3752 796 3834 sacciperium
812 3752 984 3833 quondam
1000 3773 1102 3822 suum
1118 3751 1276 3835 possidet
1292 3750 1320 3820 F
1320 3772 1354 3820 a·

345 3855 432 3924 ciam
448 3862 488 3922 ut
503 3853 536 3921 id
552 3874 627 3921 cras
642 3852 806 3934 aperiant,
823 3859 898 3920 tum
914 3851 991 3935 quis
1005 3851 1113 3921 fuerit
1139 3851 1286 3921 fortasse
1300 3871 1355 3920 co·

347 3953 585 4038 gnoscemus.”

429 4071 588 4152 “Verum,
605 4069 788 4153 Godrrey,”
805 4068 982 4153 interpello
1004 4090 1079 4153 ego,
1104 4067 1208 4153 “quid
1223 4067 1266 4138 de
1287 4066 1353 4139 isto
