<?xml version="1.0" encoding="UTF-8"?>
<!DOCTYPE html PUBLIC "-//W3C//DTD XHTML 1.0 Transitional//EN"
    "http://www.w3.org/TR/xhtml1/DTD/xhtml1-transitional.dtd">
<html xmlns="http://www.w3.org/1999/xhtml" xml:lang="en" lang="en">
 <head>
  <title>
</title>
<meta http-equiv="Content-Type" content="text/html;charset=utf-8" />
  <meta name='ocr-system' content='tesseract 3.04.00' />
  <meta name='ocr-capabilities' content='ocr_page ocr_carea ocr_par ocr_line ocrx_word'/>
</head>
<body>
  <div class='ocr_page' id='page_1' title='image "./mysteriumarcbou00stevgoog/mysteriumarcbou00stevgoog_0075.png"; bbox 0 0 3128 5016; ppageno 0'>
   <div class='ocr_carea' id='block_1_1' title="bbox 618 795 1283 867">
    <p class='ocr_par' dir='ltr' id='par_1_1' title="bbox 618 795 1283 867">
     <span class='ocr_line' id='line_1_1' title="bbox 618 795 1283 867; baseline -0.002 -1"><span class='ocrx_word' id='word_1_1' title='bbox 618 813 754 867; x_wconf 77' lang='lat' dir='ltr'>uuum</span> <span class='ocrx_word' id='word_1_2' title='bbox 775 814 813 866; x_wconf 82' lang='lat' dir='ltr'>ru</span> <span class='ocrx_word' id='word_1_3' title='bbox 834 813 952 867; x_wconf 71' lang='lat' dir='ltr'>causa</span> <span class='ocrx_word' id='word_1_4' title='bbox 1242 795 1283 865; x_wconf 85' lang='grc'>63</span> 
     </span>
    </p>
   </div>
   <div class='ocr_carea' id='block_1_2' title="bbox 282 979 1287 1885">
    <p class='ocr_par' dir='ltr' id='par_1_2' title="bbox 282 979 1287 1468">
     <span class='ocr_line' id='line_1_2' title="bbox 288 979 1287 1068; baseline -0.007 -14"><span class='ocrx_word' id='word_1_5' title='bbox 288 983 431 1068; x_wconf 86' lang='lat' dir='ltr'>pulsavi,</span> <span class='ocrx_word' id='word_1_6' title='bbox 447 983 530 1052; x_wconf 92' lang='lat' dir='ltr'>dum</span> <span class='ocrx_word' id='word_1_7' title='bbox 544 1004 603 1052; x_wconf 94' lang='lat' dir='ltr'>cor</span> <span class='ocrx_word' id='word_1_8' title='bbox 617 981 700 1051; x_wconf 90' lang='lat' dir='ltr'>mihi</span> <span class='ocrx_word' id='word_1_9' title='bbox 721 981 845 1065; x_wconf 86' lang='lat' dir='ltr'>surrigi</span> <span class='ocrx_word' id='word_1_10' title='bbox 860 987 896 1050; x_wconf 92' lang='lat' dir='ltr'>et</span> <span class='ocrx_word' id='word_1_11' title='bbox 910 981 945 1049; x_wconf 92' lang='lat' dir='ltr'>in</span> <span class='ocrx_word' id='word_1_12' title='bbox 960 982 1097 1050; x_wconf 84' lang='lat' dir='ltr'>faucem</span> <span class='ocrx_word' id='word_1_13' title='bbox 1120 979 1287 1049; x_wconf 90' lang='lat' dir='ltr'>subsulta-</span> 
     </span>
     <span class='ocr_line' id='line_1_3' title="bbox 284 1081 1284 1165; baseline -0.006 -12"><span class='ocrx_word' id='word_1_14' title='bbox 284 1106 321 1154; x_wconf 89' lang='lat' dir='ltr'>re</span> <span class='ocrx_word' id='word_1_15' title='bbox 336 1083 567 1153; x_wconf 88' lang='lat' dir='ltr'><strong>minitabatur.</strong></span> <span class='ocrx_word' id='word_1_16' title='bbox 589 1084 653 1152; x_wconf 88' lang='lat' dir='ltr'>Ast</span> <span class='ocrx_word' id='word_1_17' title='bbox 668 1104 777 1165; x_wconf 89' lang='lat' dir='ltr'>usque</span> <span class='ocrx_word' id='word_1_18' title='bbox 792 1083 925 1152; x_wconf 93' lang='lat' dir='ltr'>nullum</span> <span class='ocrx_word' id='word_1_19' title='bbox 946 1081 1059 1164; x_wconf 91' lang='lat' dir='ltr'>accepi</span> <span class='ocrx_word' id='word_1_20' title='bbox 1075 1101 1284 1163; x_wconf 90' lang='lat' dir='ltr'>responsum,</span> 
     </span>
     <span class='ocr_line' id='line_1_4' title="bbox 285 1179 1285 1265; baseline -0.007 -11"><span class='ocrx_word' id='word_1_21' title='bbox 285 1206 325 1254; x_wconf 88' lang='lat' dir='ltr'>ac</span> <span class='ocrx_word' id='word_1_22' title='bbox 341 1190 416 1253; x_wconf 89' lang='lat' dir='ltr'>tum</span> <span class='ocrx_word' id='word_1_23' title='bbox 431 1182 570 1252; x_wconf 91' lang='lat' dir='ltr'>demum</span> <span class='ocrx_word' id='word_1_24' title='bbox 584 1182 668 1251; x_wconf 91' lang='lat' dir='ltr'>nihil</span> <span class='ocrx_word' id='word_1_25' title='bbox 681 1181 777 1265; x_wconf 88' lang='lat' dir='ltr'>pensi</span> <span class='ocrx_word' id='word_1_26' title='bbox 791 1183 921 1252; x_wconf 81' lang='lat' dir='ltr'>faciens</span> <span class='ocrx_word' id='word_1_27' title='bbox 935 1184 1028 1252; x_wconf 80' lang='lat' dir='ltr'>iores</span> <span class='ocrx_word' id='word_1_28' title='bbox 1057 1180 1176 1263; x_wconf 92' lang='lat' dir='ltr'>aperui</span> <span class='ocrx_word' id='word_1_29' title='bbox 1191 1186 1226 1249; x_wconf 93' lang='lat' dir='ltr'>et</span> <span class='ocrx_word' id='word_1_30' title='bbox 1236 1179 1285 1247; x_wconf 91' lang='lat' dir='ltr'>in·</span> 
     </span>
     <span class='ocr_line' id='line_1_5' title="bbox 282 1279 1285 1367; baseline -0.006 -13"><span class='ocrx_word' id='word_1_31' title='bbox 282 1283 432 1367; x_wconf 86' lang='lat' dir='ltr'>trospexi</span> <span class='ocrx_word' id='word_1_32' title='bbox 447 1318 488 1328; x_wconf 89' lang='lat'>-</span> <span class='ocrx_word' id='word_1_33' title='bbox 503 1305 542 1352; x_wconf 93' lang='lat' dir='ltr'>ac</span> <span class='ocrx_word' id='word_1_34' title='bbox 558 1282 705 1365; x_wconf 91' lang='lat' dir='ltr'>primum</span> <span class='ocrx_word' id='word_1_35' title='bbox 721 1282 812 1365; x_wconf 89' lang='lat' dir='ltr'>quod</span> <span class='ocrx_word' id='word_1_36' title='bbox 823 1282 905 1352; x_wconf 92' lang='lat' dir='ltr'>mihi</span> <span class='ocrx_word' id='word_1_37' title='bbox 930 1283 994 1353; x_wconf 92' lang='lat' dir='ltr'>sub</span> <span class='ocrx_word' id='word_1_38' title='bbox 1018 1283 1133 1351; x_wconf 91' lang='lat' dir='ltr'>oculos</span> <span class='ocrx_word' id='word_1_39' title='bbox 1155 1279 1285 1361; x_wconf 91' lang='lat' dir='ltr'>cecidit,</span> 
     </span>
     <span class='ocr_line' id='line_1_6' title="bbox 285 1383 524 1468; baseline -0.008 -14"><span class='ocrx_word' id='word_1_40' title='bbox 285 1384 357 1468; x_wconf 92' lang='lat' dir='ltr'>ipse</span> <span class='ocrx_word' id='word_1_41' title='bbox 372 1390 447 1454; x_wconf 90' lang='lat' dir='ltr'>erat</span> <span class='ocrx_word' id='word_1_42' title='bbox 461 1383 524 1429; x_wconf 87' lang='lat'>-’&#39;</span> 
     </span>
    </p>

    <p class='ocr_par' dir='ltr' id='par_1_3' title="bbox 284 1499 1284 1685">
     <span class='ocr_line' id='line_1_7' title="bbox 368 1499 1284 1584; baseline -0.004 -14"><span class='ocrx_word' id='word_1_43' title='bbox 368 1501 498 1584; x_wconf 84' lang='lat' dir='ltr'>Rogers</span> <span class='ocrx_word' id='word_1_44' title='bbox 511 1499 624 1570; x_wconf 93' lang='lat' dir='ltr'>subito</span> <span class='ocrx_word' id='word_1_45' title='bbox 638 1501 812 1584; x_wconf 87' lang='lat' dir='ltr'>conticuit,</span> <span class='ocrx_word' id='word_1_46' title='bbox 827 1501 1020 1584; x_wconf 89' lang='lat' dir='ltr'>iterumque</span> <span class='ocrx_word' id='word_1_47' title='bbox 1042 1500 1160 1583; x_wconf 83' lang='lat' dir='ltr'>gulam</span> <span class='ocrx_word' id='word_1_48' title='bbox 1186 1519 1284 1567; x_wconf 90' lang='lat' dir='ltr'>suam</span> 
     </span>
     <span class='ocr_line' id='line_1_8' title="bbox 284 1601 448 1685; baseline 0 -14"><span class='ocrx_word' id='word_1_49' title='bbox 284 1601 448 1685; x_wconf 81' lang='lat' dir='ltr'>palpavit</span> 
     </span>
    </p>

    <p class='ocr_par' dir='ltr' id='par_1_4' title="bbox 284 1697 1284 1885">
     <span class='ocr_line' id='line_1_9' title="bbox 368 1697 1284 1784; baseline -0.002 -14"><span class='ocrx_word' id='word_1_50' title='bbox 368 1699 462 1770; x_wconf 85' lang='lat' dir='ltr'>“Iam</span> <span class='ocrx_word' id='word_1_51' title='bbox 478 1700 574 1770; x_wconf 87' lang='lat' dir='ltr'>brevi</span> <span class='ocrx_word' id='word_1_52' title='bbox 589 1702 720 1784; x_wconf 86' lang='lat' dir='ltr'>valebo,</span> <span class='ocrx_word' id='word_1_53' title='bbox 736 1701 857 1784; x_wconf 88' lang='lat' dir='ltr'>Here,&#39;’</span> <span class='ocrx_word' id='word_1_54' title='bbox 872 1702 921 1772; x_wconf 89' lang='lat' dir='ltr'>ait</span> <span class='ocrx_word' id='word_1_55' title='bbox 945 1701 1042 1784; x_wconf 80' lang='lat' dir='ltr'>gravi</span> <span class='ocrx_word' id='word_1_56' title='bbox 1069 1699 1187 1769; x_wconf 92' lang='lat' dir='ltr'>halitu.</span> <span class='ocrx_word' id='word_1_57' title='bbox 1225 1697 1284 1768; x_wconf 90' lang='lat' dir='ltr'>“ld</span> 
     </span>
     <span class='ocr_line' id='line_1_10' title="bbox 284 1801 705 1885; baseline 0 -14"><span class='ocrx_word' id='word_1_58' title='bbox 284 1822 340 1871; x_wconf 88' lang='lat' dir='ltr'>me</span> <span class='ocrx_word' id='word_1_59' title='bbox 355 1801 499 1871; x_wconf 87' lang='lat' dir='ltr'>subinde</span> <span class='ocrx_word' id='word_1_60' title='bbox 514 1801 705 1885; x_wconf 87' lang='lat' dir='ltr'>opprimit.”</span> 
     </span>
    </p>
   </div>
   <div class='ocr_carea' id='block_1_3' title="bbox 282 1916 1285 2689">
    <p class='ocr_par' dir='ltr' id='par_1_5' title="bbox 283 1916 1285 2190">
     <span class='ocr_line' id='line_1_11' title="bbox 367 1916 1285 2002; baseline -0.002 -15"><span class='ocrx_word' id='word_1_61' title='bbox 367 1916 480 1988; x_wconf 87' lang='lat' dir='ltr'>“Nihil</span> <span class='ocrx_word' id='word_1_62' title='bbox 493 1919 627 2001; x_wconf 56' lang='lat' dir='ltr'>urget?</span> <span class='ocrx_word' id='word_1_63' title='bbox 642 1919 771 1988; x_wconf 89' lang='lat' dir='ltr'>solatur</span> <span class='ocrx_word' id='word_1_64' title='bbox 786 1942 866 1990; x_wconf 92' lang='lat' dir='ltr'>eum</span> <span class='ocrx_word' id='word_1_65' title='bbox 881 1920 1006 2002; x_wconf 87' lang='lat' dir='ltr'>Grady,</span> <span class='ocrx_word' id='word_1_66' title='bbox 1022 1926 1056 1988; x_wconf 93' lang='lat' dir='ltr'>et</span> <span class='ocrx_word' id='word_1_67' title='bbox 1071 1940 1179 2001; x_wconf 87' lang='lat' dir='ltr'>quum</span> <span class='ocrx_word' id='word_1_68' title='bbox 1195 1938 1285 1986; x_wconf 87' lang='lat' dir='ltr'>mea·</span> 
     </span>
     <span class='ocr_line' id='line_1_12' title="bbox 284 2018 1284 2102; baseline -0.002 -15"><span class='ocrx_word' id='word_1_69' title='bbox 284 2024 341 2088; x_wconf 90' lang='lat' dir='ltr'>tus</span> <span class='ocrx_word' id='word_1_70' title='bbox 362 2019 502 2102; x_wconf 77' lang='lat' dir='ltr'>spiritus</span> <span class='ocrx_word' id='word_1_71' title='bbox 522 2019 690 2089; x_wconf 84' lang='lat' dir='ltr'>allevatus</span> <span class='ocrx_word' id='word_1_72' title='bbox 712 2027 774 2102; x_wconf 93' lang='lat' dir='ltr'>est,</span> <span class='ocrx_word' id='word_1_73' title='bbox 810 2018 952 2101; x_wconf 87' lang='lat' dir='ltr'>“Narra,</span> <span class='ocrx_word' id='word_1_74' title='bbox 976 2020 1082 2100; x_wconf 88' lang='lat' dir='ltr'>sodes,</span> <span class='ocrx_word' id='word_1_75' title='bbox 1106 2018 1187 2102; x_wconf 88' lang='lat' dir='ltr'>quid</span> <span class='ocrx_word' id='word_1_76' title='bbox 1209 2025 1284 2086; x_wconf 90' lang='lat' dir='ltr'>tum</span> 
     </span>
     <span class='ocr_line' id='line_1_13' title="bbox 283 2119 446 2190; baseline 0.012 -2"><span class='ocrx_word' id='word_1_77' title='bbox 283 2119 396 2188; x_wconf 83' lang='lat' dir='ltr'>fecisti</span> <span class='ocrx_word' id='word_1_78' title='bbox 410 2120 446 2190; x_wconf 74' lang='lat'>‘3”</span> 
     </span>
    </p>

    <p class='ocr_par' dir='ltr' id='par_1_6' title="bbox 282 2217 1285 2689">
     <span class='ocr_line' id='line_1_14' title="bbox 368 2217 1285 2303; baseline -0.002 -15"><span class='ocrx_word' id='word_1_79' title='bbox 368 2218 581 2302; x_wconf 86' lang='lat' dir='ltr'>“Tantopere</span> <span class='ocrx_word' id='word_1_80' title='bbox 605 2220 767 2302; x_wconf 89' lang='lat' dir='ltr'>pavitavi,</span> <span class='ocrx_word' id='word_1_81' title='bbox 792 2221 838 2289; x_wconf 92' lang='lat' dir='ltr'>mi</span> <span class='ocrx_word' id='word_1_82' title='bbox 863 2221 963 2303; x_wconf 88' lang='lat' dir='ltr'>Here,</span> <span class='ocrx_word' id='word_1_83' title='bbox 988 2228 1028 2290; x_wconf 92' lang='lat' dir='ltr'>ut</span> <span class='ocrx_word' id='word_1_84' title='bbox 1054 2219 1112 2288; x_wconf 84' lang='lat' dir='ltr'>vix</span> <span class='ocrx_word' id='word_1_85' title='bbox 1141 2217 1285 2302; x_wconf 91' lang='lat' dir='ltr'>pedibus</span> 
     </span>
     <span class='ocr_line' id='line_1_15' title="bbox 287 2319 1285 2403; baseline -0.003 -15"><span class='ocrx_word' id='word_1_86' title='bbox 287 2319 471 2389; x_wconf 88' lang='lat' dir='ltr'>consistere</span> <span class='ocrx_word' id='word_1_87' title='bbox 486 2319 653 2401; x_wconf 90' lang='lat' dir='ltr'>valerem;</span> <span class='ocrx_word' id='word_1_88' title='bbox 686 2326 801 2390; x_wconf 92' lang='lat' dir='ltr'>tamen</span> <span class='ocrx_word' id='word_1_89' title='bbox 816 2322 860 2390; x_wconf 93' lang='lat' dir='ltr'>ad</span> <span class='ocrx_word' id='word_1_90' title='bbox 875 2321 981 2390; x_wconf 91' lang='lat' dir='ltr'>imum</span> <span class='ocrx_word' id='word_1_91' title='bbox 997 2320 1142 2403; x_wconf 83' lang='lat' dir='ltr'>gradum</span> <span class='ocrx_word' id='word_1_92' title='bbox 1159 2340 1285 2400; x_wconf 86' lang='lat' dir='ltr'>magno</span> 
     </span>
     <span class='ocr_line' id='line_1_16' title="bbox 284 2419 1285 2504; baseline -0.002 -16"><span class='ocrx_word' id='word_1_93' title='bbox 284 2427 411 2489; x_wconf 90' lang='lat' dir='ltr'>conatu</span> <span class='ocrx_word' id='word_1_94' title='bbox 426 2419 577 2502; x_wconf 91' lang='lat' dir='ltr'>perveni,</span> <span class='ocrx_word' id='word_1_95' title='bbox 594 2427 629 2489; x_wconf 95' lang='lat' dir='ltr'>et</span> <span class='ocrx_word' id='word_1_96' title='bbox 645 2420 752 2489; x_wconf 89' lang='lat' dir='ltr'>Parks</span> <span class='ocrx_word' id='word_1_97' title='bbox 766 2421 955 2503; x_wconf 90' lang='lat' dir='ltr'>inclamavi‚</span> <span class='ocrx_word' id='word_1_98' title='bbox 970 2422 1030 2504; x_wconf 88' lang='lat' dir='ltr'>qui</span> <span class='ocrx_word' id='word_1_99' title='bbox 1045 2420 1200 2504; x_wconf 90' lang='lat' dir='ltr'>protinus</span> <span class='ocrx_word' id='word_1_100' title='bbox 1211 2441 1285 2487; x_wconf 88' lang='lat' dir='ltr'>cur-</span> 
     </span>
     <span class='ocr_line' id='line_1_17' title="bbox 283 2517 1284 2604; baseline -0.004 -15"><span class='ocrx_word' id='word_1_101' title='bbox 283 2542 363 2589; x_wconf 88' lang='lat' dir='ltr'>rens</span> <span class='ocrx_word' id='word_1_102' title='bbox 377 2519 552 2590; x_wconf 90' lang='lat' dir='ltr'>descendit</span> <span class='ocrx_word' id='word_1_103' title='bbox 567 2556 608 2566; x_wconf 91' lang='lat'>-</span> <span class='ocrx_word' id='word_1_104' title='bbox 623 2527 659 2589; x_wconf 93' lang='lat' dir='ltr'>et</span> <span class='ocrx_word' id='word_1_105' title='bbox 673 2521 737 2590; x_wconf 94' lang='lat' dir='ltr'>hoc</span> <span class='ocrx_word' id='word_1_106' title='bbox 753 2527 864 2591; x_wconf 92' lang='lat' dir='ltr'>totum</span> <span class='ocrx_word' id='word_1_107' title='bbox 880 2530 932 2591; x_wconf 91' lang='lat' dir='ltr'>est</span> <span class='ocrx_word' id='word_1_108' title='bbox 948 2529 1115 2604; x_wconf 89' lang='lat' dir='ltr'>quantum</span> <span class='ocrx_word' id='word_1_109' title='bbox 1136 2517 1284 2600; x_wconf 89' lang='lat' dir='ltr'>memini,</span> 
     </span>
     <span class='ocr_line' id='line_1_18' title="bbox 282 2619 467 2689; baseline 0.005 -1"><span class='ocrx_word' id='word_1_110' title='bbox 282 2620 328 2689; x_wconf 91' lang='lat' dir='ltr'>mi</span> <span class='ocrx_word' id='word_1_111' title='bbox 344 2619 467 2689; x_wconf 90' lang='lat' dir='ltr'>Here.’&#39;</span> 
     </span>
    </p>
   </div>
   <div class='ocr_carea' id='block_1_4' title="bbox 366 2734 1287 3138">
    <p class='ocr_par' dir='ltr' id='par_1_7' title="bbox 366 2734 878 2809">
     <span class='ocr_line' id='line_1_19' title="bbox 366 2734 878 2809; baseline 0.008 -4"><span class='ocrx_word' id='word_1_112' title='bbox 366 2734 512 2806; x_wconf 89' lang='lat' dir='ltr'>“Mulier</span> <span class='ocrx_word' id='word_1_113' title='bbox 526 2758 595 2806; x_wconf 93' lang='lat' dir='ltr'>non</span> <span class='ocrx_word' id='word_1_114' title='bbox 610 2736 664 2807; x_wconf 91' lang='lat' dir='ltr'>hic</span> <span class='ocrx_word' id='word_1_115' title='bbox 679 2737 878 2809; x_wconf 80' lang='lat' dir='ltr'>interfuit?”</span> 
     </span>
    </p>

    <p class='ocr_par' dir='ltr' id='par_1_8' title="bbox 367 2833 558 2905">
     <span class='ocr_line' id='line_1_20' title="bbox 367 2833 558 2905; baseline 0.016 -43"><span class='ocrx_word' id='word_1_116' title='bbox 367 2833 558 2905; x_wconf 45' lang='lat' dir='ltr'>“Minime&#39;’</span> 
     </span>
    </p>

    <p class='ocr_par' dir='ltr' id='par_1_9' title="bbox 366 2933 909 3021">
     <span class='ocr_line' id='line_1_21' title="bbox 366 2933 909 3021; baseline 0.006 -16"><span class='ocrx_word' id='word_1_117' title='bbox 366 2933 665 3019; x_wconf 88' lang='lat' dir='ltr'>“Perquisivistine</span> <span class='ocrx_word' id='word_1_118' title='bbox 679 2939 865 3021; x_wconf 90' lang='lat' dir='ltr'>penetralia</span> <span class='ocrx_word' id='word_1_119' title='bbox 873 2939 909 3008; x_wconf 84' lang='lat'>?”</span> 
     </span>
    </p>

    <p class='ocr_par' dir='ltr' id='par_1_10' title="bbox 367 3052 1287 3138">
     <span class='ocr_line' id='line_1_22' title="bbox 367 3052 1287 3138; baseline 0 -16"><span class='ocrx_word' id='word_1_120' title='bbox 367 3052 467 3122; x_wconf 90' lang='lat' dir='ltr'>“Non</span> <span class='ocrx_word' id='word_1_121' title='bbox 482 3054 568 3136; x_wconf 81' lang='lat' dir='ltr'>feci3</span> <span class='ocrx_word' id='word_1_122' title='bbox 591 3055 866 3138; x_wconf 88' lang='lat' dir='ltr'>quandoquidem</span> <span class='ocrx_word' id='word_1_123' title='bbox 883 3057 1008 3126; x_wconf 92' lang='lat' dir='ltr'>ostium</span> <span class='ocrx_word' id='word_1_124' title='bbox 1034 3078 1102 3124; x_wconf 92' lang='lat' dir='ltr'>non</span> <span class='ocrx_word' id='word_1_125' title='bbox 1128 3054 1287 3136; x_wconf 86' lang='lat' dir='ltr'>obpessu·</span> 
     </span>
    </p>
   </div>
   <div class='ocr_carea' id='block_1_5' title="bbox 281 3152 1287 3338">
    <p class='ocr_par' dir='ltr' id='par_1_11' title="bbox 281 3152 1287 3338">
     <span class='ocr_line' id='line_1_23' title="bbox 281 3152 1287 3235; baseline 0.001 -15"><span class='ocrx_word' id='word_1_126' title='bbox 281 3152 390 3221; x_wconf 86' lang='lat' dir='ltr'>latum</span> <span class='ocrx_word' id='word_1_127' title='bbox 406 3153 527 3235; x_wconf 91' lang='lat' dir='ltr'>reperi,</span> <span class='ocrx_word' id='word_1_128' title='bbox 542 3157 626 3223; x_wconf 89' lang='lat' dir='ltr'>satis</span> <span class='ocrx_word' id='word_1_129' title='bbox 640 3155 723 3224; x_wconf 90' lang='lat' dir='ltr'>scivi</span> <span class='ocrx_word' id='word_1_130' title='bbox 737 3178 813 3224; x_wconf 84' lang='lat' dir='ltr'>eam</span> <span class='ocrx_word' id='word_1_131' title='bbox 828 3156 1027 3225; x_wconf 88' lang='lat' dir='ltr'>discessisse.</span> <span class='ocrx_word' id='word_1_132' title='bbox 1065 3155 1198 3225; x_wconf 86' lang='lat' dir='ltr'>Ostium</span> <span class='ocrx_word' id='word_1_133' title='bbox 1214 3153 1287 3235; x_wconf 93' lang='lat' dir='ltr'>ipsa</span> 
     </span>
     <span class='ocr_line' id='line_1_24' title="bbox 282 3253 975 3338; baseline 0.007 -18"><span class='ocrx_word' id='word_1_134' title='bbox 282 3274 351 3321; x_wconf 91' lang='lat' dir='ltr'>non</span> <span class='ocrx_word' id='word_1_135' title='bbox 367 3253 513 3335; x_wconf 87' lang='lat' dir='ltr'>impulit,</span> <span class='ocrx_word' id='word_1_136' title='bbox 529 3254 640 3323; x_wconf 90' lang='lat' dir='ltr'>verita</span> <span class='ocrx_word' id='word_1_137' title='bbox 655 3277 698 3323; x_wconf 92' lang='lat' dir='ltr'>ne</span> <span class='ocrx_word' id='word_1_138' title='bbox 712 3278 776 3338; x_wconf 84' lang='lat' dir='ltr'>ego</span> <span class='ocrx_word' id='word_1_139' title='bbox 791 3256 975 3324; x_wconf 88' lang='lat' dir='ltr'>audirem.”</span> 
     </span>
    </p>
   </div>
   <div class='ocr_carea' id='block_1_6' title="bbox 282 3368 1286 3640">
    <p class='ocr_par' dir='ltr' id='par_1_12' title="bbox 282 3368 1286 3640">
     <span class='ocr_line' id='line_1_25' title="bbox 366 3368 1285 3456; baseline 0.003 -19"><span class='ocrx_word' id='word_1_140' title='bbox 366 3368 460 3438; x_wconf 90' lang='lat' dir='ltr'>“Hoc</span> <span class='ocrx_word' id='word_1_141' title='bbox 484 3370 622 3452; x_wconf 88' lang='lat' dir='ltr'>quidem</span> <span class='ocrx_word' id='word_1_142' title='bbox 642 3372 832 3441; x_wconf 88' lang='lat' dir='ltr'>verosimile</span> <span class='ocrx_word' id='word_1_143' title='bbox 858 3374 987 3455; x_wconf 88' lang='lat' dir='ltr'>sonat,”</span> <span class='ocrx_word' id='word_1_144' title='bbox 1014 3373 1135 3456; x_wconf 89' lang='lat' dir='ltr'>probat</span> <span class='ocrx_word' id='word_1_145' title='bbox 1160 3371 1285 3453; x_wconf 85' lang='lat' dir='ltr'>Grady.</span> 
     </span>
     <span class='ocr_line' id='line_1_26' title="bbox 282 3467 1286 3551; baseline 0.003 -14"><span class='ocrx_word' id='word_1_146' title='bbox 282 3467 350 3537; x_wconf 87' lang='lat' dir='ltr'>“At</span> <span class='ocrx_word' id='word_1_147' title='bbox 366 3470 448 3551; x_wconf 90' lang='lat' dir='ltr'>quid</span> <span class='ocrx_word' id='word_1_148' title='bbox 465 3477 499 3538; x_wconf 92' lang='lat' dir='ltr'>te</span> <span class='ocrx_word' id='word_1_149' title='bbox 515 3470 647 3540; x_wconf 89' lang='lat' dir='ltr'>inducit</span> <span class='ocrx_word' id='word_1_150' title='bbox 662 3472 705 3541; x_wconf 93' lang='lat' dir='ltr'>ad</span> <span class='ocrx_word' id='word_1_151' title='bbox 720 3473 927 3543; x_wconf 89' lang='lat' dir='ltr'>credendum</span> <span class='ocrx_word' id='word_1_152' title='bbox 959 3496 1034 3543; x_wconf 91' lang='lat' dir='ltr'>eam</span> <span class='ocrx_word' id='word_1_153' title='bbox 1049 3473 1123 3542; x_wconf 92' lang='lat' dir='ltr'>heri</span> <span class='ocrx_word' id='word_1_154' title='bbox 1138 3472 1286 3542; x_wconf 87' lang='lat' dir='ltr'>Vantine</span> 
     </span>
     <span class='ocr_line' id='line_1_27' title="bbox 283 3569 619 3640; baseline 0.009 -3"><span class='ocrx_word' id='word_1_155' title='bbox 283 3591 402 3638; x_wconf 90' lang='lat' dir='ltr'>necem</span> <span class='ocrx_word' id='word_1_156' title='bbox 418 3569 573 3639; x_wconf 88' lang='lat' dir='ltr'>intulisse</span> <span class='ocrx_word' id='word_1_157' title='bbox 582 3571 619 3640; x_wconf 81' lang='lat'>?’&#39;</span> 
     </span>
    </p>
   </div>
   <div class='ocr_carea' id='block_1_7' title="bbox 278 3684 1285 4171">
    <p class='ocr_par' dir='ltr' id='par_1_13' title="bbox 278 3684 1285 4171">
     <span class='ocr_line' id='line_1_28' title="bbox 365 3684 1284 3773; baseline 0.002 -19"><span class='ocrx_word' id='word_1_158' title='bbox 365 3684 486 3768; x_wconf 88' lang='lat' dir='ltr'>“Hem,</span> <span class='ocrx_word' id='word_1_159' title='bbox 502 3687 548 3755; x_wconf 92' lang='lat' dir='ltr'>mi</span> <span class='ocrx_word' id='word_1_160' title='bbox 565 3687 686 3770; x_wconf 88' lang='lat' dir='ltr'>Here,&#39;&#39;</span> <span class='ocrx_word' id='word_1_161' title='bbox 702 3689 833 3772; x_wconf 86' lang='lat' dir='ltr'>Rogers</span> <span class='ocrx_word' id='word_1_162' title='bbox 843 3691 978 3760; x_wconf 90' lang='lat' dir='ltr'>tractim</span> <span class='ocrx_word' id='word_1_163' title='bbox 990 3690 1180 3773; x_wconf 90' lang='lat' dir='ltr'>respondet,</span> <span class='ocrx_word' id='word_1_164' title='bbox 1197 3689 1284 3758; x_wconf 86' lang='lat' dir='ltr'>“iam</span> 
     </span>
     <span class='ocr_line' id='line_1_29' title="bbox 280 3786 1285 3874; baseline 0.004 -20"><span class='ocrx_word' id='word_1_165' title='bbox 280 3786 394 3855; x_wconf 86' lang='lat' dir='ltr'>fateor</span> <span class='ocrx_word' id='word_1_166' title='bbox 410 3809 464 3856; x_wconf 90' lang='lat' dir='ltr'>me</span> <span class='ocrx_word' id='word_1_167' title='bbox 480 3809 549 3856; x_wconf 92' lang='lat' dir='ltr'>non</span> <span class='ocrx_word' id='word_1_168' title='bbox 564 3789 754 3871; x_wconf 88' lang='lat' dir='ltr'>oportuisse</span> <span class='ocrx_word' id='word_1_169' title='bbox 769 3790 802 3859; x_wconf 94' lang='lat' dir='ltr'>id</span> <span class='ocrx_word' id='word_1_170' title='bbox 818 3813 1033 3874; x_wconf 86' lang='lat' dir='ltr'>asseverare;</span> <span class='ocrx_word' id='word_1_171' title='bbox 1056 3813 1178 3861; x_wconf 90' lang='lat' dir='ltr'>verum</span> <span class='ocrx_word' id='word_1_172' title='bbox 1199 3790 1285 3859; x_wconf 92' lang='lat' dir='ltr'>ostio</span> 
     </span>
     <span class='ocr_line' id='line_1_30' title="bbox 280 3886 1285 3973; baseline 0.004 -18"><span class='ocrx_word' id='word_1_173' title='bbox 280 3886 329 3955; x_wconf 85' lang='lat' dir='ltr'>ita</span> <span class='ocrx_word' id='word_1_174' title='bbox 345 3894 492 3970; x_wconf 88' lang='lat' dir='ltr'>reperto,</span> <span class='ocrx_word' id='word_1_175' title='bbox 509 3887 587 3957; x_wconf 91' lang='lat' dir='ltr'>dein</span> <span class='ocrx_word' id='word_1_176' title='bbox 611 3888 658 3959; x_wconf 91' lang='lat' dir='ltr'>sic</span> <span class='ocrx_word' id='word_1_177' title='bbox 681 3890 821 3960; x_wconf 91' lang='lat' dir='ltr'>invento</span> <span class='ocrx_word' id='word_1_178' title='bbox 845 3891 927 3961; x_wconf 91' lang='lat' dir='ltr'>hero</span> <span class='ocrx_word' id='word_1_179' title='bbox 952 3893 1108 3972; x_wconf 90' lang='lat' dir='ltr'>Vantine,</span> <span class='ocrx_word' id='word_1_180' title='bbox 1133 3913 1189 3961; x_wconf 91' lang='lat' dir='ltr'>me</span> <span class='ocrx_word' id='word_1_181' title='bbox 1204 3912 1285 3973; x_wconf 83' lang='lat' dir='ltr'>quo</span> 
     </span>
     <span class='ocr_line' id='line_1_31' title="bbox 279 3986 1283 4071; baseline 0.002 -14"><span class='ocrx_word' id='word_1_182' title='bbox 279 3986 462 4057; x_wconf 90' lang='lat' dir='ltr'>dammodo</span> <span class='ocrx_word' id='word_1_183' title='bbox 477 3990 734 4071; x_wconf 89' lang='lat' dir='ltr'>supplantatum</span> <span class='ocrx_word' id='word_1_184' title='bbox 750 3992 838 4061; x_wconf 90' lang='lat' dir='ltr'>sensi</span> <span class='ocrx_word' id='word_1_185' title='bbox 855 4015 978 4062; x_wconf 92' lang='lat' dir='ltr'>—non</span> <span class='ocrx_word' id='word_1_186' title='bbox 993 4015 1115 4062; x_wconf 92' lang='lat' dir='ltr'>revera</span> <span class='ocrx_word' id='word_1_187' title='bbox 1137 3991 1283 4061; x_wconf 90' lang='lat' dir='ltr'>sciebam</span> 
     </span>
     <span class='ocr_line' id='line_1_32' title="bbox 278 4086 656 4171; baseline 0.005 -14"><span class='ocrx_word' id='word_1_188' title='bbox 278 4086 362 4170; x_wconf 87' lang='lat' dir='ltr'>quid</span> <span class='ocrx_word' id='word_1_189' title='bbox 376 4094 452 4158; x_wconf 91' lang='lat' dir='ltr'>tum</span> <span class='ocrx_word' id='word_1_190' title='bbox 467 4088 656 4171; x_wconf 85' lang='lat' dir='ltr'>loquerer.”</span> 
     </span>
    </p>
   </div>
   <div class='ocr_carea' id='block_1_8' title="bbox 0 0 1568 5016">
    <p class='ocr_par' dir='ltr' id='par_1_14' title="bbox 0 0 1568 5016">
     <span class='ocr_line' id='line_1_33' title="bbox 0 0 1568 5016; baseline 0 2"><span class='ocrx_word' id='word_1_191' title='bbox 0 0 1568 5016; x_wconf 95' lang='lat' dir='ltr'> </span> 
     </span>
    </p>
   </div>
  </div>
 </body>
</html>
