3128 5016
278 763 320 834 74
540 779 748 833 nrsranrun
770 778 878 832 Anca
899 771 1018 832 nourr

362 944 423 1015 “Id
445 967 624 1028 nunquam
649 947 765 1015 facere
789 946 908 1016 solitus
930 946 1039 1028 sum,’'
1069 944 1116 1014 ait
1146 944 1278 1014 blande.

279 1044 333 1116 “N
335 1068 402 1116 unc
413 1053 530 1115 autern
546 1046 695 1130 probabo
711 1046 773 1116 tibi
787 1046 902 1129 Grady
918 1046 1104 1116 bucconem
1119 1052 1154 1114 et
1168 1044 1280 1113 obesae

279 1168 352 1215 esse
367 1146 467 1216 naris.
483 1146 559 1229 Ipse
573 1146 641 1215 iam
656 1153 768 1215 totum
779 1146 912 1215 audivit
923 1146 1164 1226 testimonium;
1181 1166 1280 1213 num-

279 1246 361 1329 quid
377 1253 492 1314 tamen
517 1246 579 1315 scit
594 1268 673 1329 quae
687 1268 727 1316 ea
742 1246 863 1315 midier
877 1246 1028 1315 fuerit?”

363 1344 511 1428 “Utique
527 1346 665 1427 nescit,”
681 1346 837 1430 respondi
852 1345 883 1415 ei
899 1346 1004 1415 oculis
1026 1346 1061 1414 in
1087 1366 1167 1414 eum
1191 1343 1281 1413 leva-

279 1446 333 1515 tis
355 1444 470 1515 “Num
485 1453 525 1515 tu
540 1445 574 1515 id
590 1448 674 1516 scire
689 1446 832 1515 innuere
847 1445 925 1515 vis?
956 1446 1046 1515 Turn
1061 1452 1096 1514 et
1111 1466 1176 1527 ego
1201 1444 1281 1513 buc·

279 1568 320 1616 co
334 1567 410 1616 sum
422 1545 451 1614 !”

363 1644 432 1714 “Mi
448 1645 534 1715 bone
551 1646 699 1728 Lester,”
716 1645 908 1714 obtestatur
921 1644 1081 1728 Godfrey,
1097 1644 1159 1714 “tu
1173 1665 1281 1726 agens

280 1768 348 1815 non
363 1768 400 1815 es
415 1782 455 1791 -
470 1747 504 1815 id
519 1769 587 1815 non
604 1746 655 1815 tui
671 1745 799 1828 negotii
814 1753 883 1826 est;
914 1753 951 1814 at
978 1746 1094 1828 Grady
1119 1753 1189 1824 est;
1218 1751 1281 1813 aut

280 1847 400 1916 saltem
427 1846 475 1915 ita
501 1853 663 1929 putatur;
696 1854 800 1928 atque
826 1847 990 1914 securitas
1004 1845 1106 1914 huius
1120 1844 1224 1925 urbis,
1240 1852 1280 1912 ut

279 1947 341 2016 loci
367 1945 597 2026 habitationis,
620 1967 746 2028 magna
771 1967 814 2014 ex
839 1953 936 2028 parte
961 1967 980 2014 e
1006 1947 1152 2013 veritate
1178 1944 1281 2013 huius

279 2046 440 2130 propositi
455 2046 589 2129 pendet.
612 2047 748 2115 Virtute
764 2046 866 2114 huius
880 2046 1045 2128 opinionis
1070 2047 1187 2114 iactus
1209 2045 1280 2126 ipse

278 2154 332 2216 est
346 2147 493 2216 vicarius
508 2146 659 2215 delectus
682 2146 829 2215 decuriae
845 2146 992 2228 lictoriae,
1019 2146 1135 2228 itaque
1160 2145 1282 2228 praefe·

279 2253 356 2316 ctus
368 2245 499 2315 otlicii.''

365 2345 440 2414 “Tu
455 2346 571 2428 itaque
586 2345 728 2414 innuere
743 2346 797 2415 vis
811 2353 845 2414 te
860 2348 949 2415 scire
964 2367 1043 2428 quae
1059 2345 1115 2414 illa
1129 2342 1280 2412 fueritr‘

364 2445 474 2515 “Satis
489 2453 581 2514 certe
597 2467 651 2514 me
667 2445 750 2514 scire
765 2446 847 2514 mihi
862 2445 980 2515 videor
995 2482 1035 2490 —
1049 2454 1085 2514 et
1099 2443 1143 2513 ad
1157 2443 1191 2512 id
1207 2465 1281 2526 pro

280 2545 432 2615 bandum
449 2545 541 2613 relii.
565 2545 630 2614 Ubi
645 2554 697 2614 est
714 2544 886 2628 Rogers?'’

365 2644 419 2714 “Si
435 2647 497 2726 vis,
513 2645 625 2714 nolam
649 2646 800 2728 pulsabo,
826 2667 973 2728 eumque
999 2643 1202 2728 advocabo,”
1233 2647 1281 2715 in·

281 2767 395 2828 quam,
412 2745 503 2827 quod
519 2753 555 2814 et
569 2746 646 2826 feci,
663 2753 698 2814 et
713 2746 784 2828 ipse
799 2767 878 2814 mox
892 2746 1041 2814 advenit.

364 2844 611 2913 “Pulsavistine
625 2845 748 2926 nolam,
765 2845 809 2913 mi
827 2845 961 2913 Here?”
978 2845 1100 2927 quaerit
1115 2845 1195 2928 ipse.

366 2944 495 3027 Rogers
509 2965 618 3026 usque
633 2967 652 3012 e
667 2945 782 3013 nervis
797 2945 980 3025 laborabat,
1006 2946 1082 3027 plus
1097 2953 1212 3014 tamen
1228 2947 1281 3016 sui

278 3066 415 3127 compos
428 3052 502 3113 erat
516 3066 619 3127 quam
634 3053 745 3126 antea,
770 3053 923 3127 tempore
947 3046 1217 3128 postmeridiano.

364 3143 554 3225 “Pulsavi,”
581 3144 626 3212 illi
649 3145 816 3227 respondi,
844 3144 968 3213 “herus
992 3146 1142 3228 Godfrey
1166 3154 1280 3215 tecum

280 3243 424 3326 colloqui
445 3244 571 3326 cupit.'’

364 3344 648 3413 Animadvertere
663 3344 853 3414 arbitrabar
869 3367 947 3414 curn
964 3346 1087 3415 sensim
1104 3346 1281 3428 expalluis-

279 3466 333 3524 se;
355 3453 447 3513 certe
463 3453 574 3514 metus
589 3446 621 3514 in
638 3447 794 3515 contuitu
810 3468 872 3515 suo
897 3467 965 3528 quo
990 3447 1135 3516 amicum
1166 3468 1281 3516 meum

279 3545 462 3628 aspiciebat
478 3545 620 3614 discerni
636 3555 779 3627 poterat.
812 3546 877 3615 Sed
904 3547 1064 3629 Godfrey,
1087 3547 1130 3616 de
1156 3568 1218 3616 sua
1244 3569 1281 3617 re

281 3654 405 3724 certus,
422 3645 542 3714 leniter
558 3645 765 3714 subridebat.

367 3744 501 3814 “Satius
516 3746 663 3814 fortasse
678 3754 767 3815 esset
782 3769 844 3816 sua
870 3769 952 3828 erga
978 3748 1139 3816 relatores
1164 3749 1282 3817 munia

281 3845 430 3926 edocere,
446 3868 557 3915 nonne
573 3856 684 3928 putas
701 3847 746 3915 mi
762 3847 926 3915 bester?”

365 3945 478 4027 “Erga
493 3967 579 4027 quos
594 3948 800 4015 relatores?”
816 3969 933 4029 quaero
946 3968 1019 4029 ego.

364 4044 511 4115 “Omnes
525 4055 675 4130 caeteros,
687 4047 816 4131 utique.
828 4047 907 4116 Mox
921 4047 1012 4116 enim
1026 4046 1126 4117 istam
1141 4047 1282 4119 domum
