3150 5468
378 1227 441 1296 220
638 1240 848 1296 ursrsmuu
869 1240 976 1296 arca
996 1235 1115 1296 sousa

456 1408 523 1480 “At
538 1409 591 1479 hic
607 1431 706 1480 casus
720 1417 812 1479 certe
827 1410 1066 1493 mysteriorum
1082 1410 1204 1493 plenus
1219 1410 1301 1492 est,”
1317 1431 1376 1479 no·

372 1511 445 1580 tavi
460 1533 534 1594 ego.

456 1610 593 1681 “Unum
608 1618 745 1680 tantum
773 1617 825 1680 est
848 1611 939 1692 quod
965 1632 1038 1680 rem
1053 1611 1288 1694 mysteriosam
1303 1609 1379 1680 red·

372 1711 452 1793 dit,”
469 1712 614 1794 explicat
639 1710 703 1792 ille,
733 1709 906 1779 “absentia
932 1732 1045 1780 causae
1060 1710 1246 1780 efficientis.
1268 1709 1376 1780 Simul

371 1812 461 1881 enim
477 1818 581 1893 atque
595 1832 697 1880 causa
719 1810 930 1894 intelligitur,
957 1811 1060 1880 etiam
1086 1818 1301 1893 perpetrator
1324 1832 1376 1880 re-

371 1913 511 1995 peritur.
537 1911 600 1981 Ubi
616 1932 698 1981 vero
713 1933 816 1980 causa
837 1911 910 1980 erui
937 1910 1056 1994 nequit
1081 1911 1163 1980 nihil
1193 1910 1375 1993 quisquam

371 2011 535 2095 proficit.”

455 2110 559 2180 “Mihi
583 2132 666 2181 vero
695 2132 793 2180 secus
821 2111 989 2192 videtur,'’
1015 2111 1144 2194 excipio
1170 2132 1243 2194 ego.
1274 2109 1375 2180 “Non

371 2212 462 2281 enim
477 2212 546 2281 sola
574 2232 686 2280 causae
715 2210 868 2279 absentia
895 2232 966 2280 rem
992 2210 1226 2293 mysteriosam
1253 2210 1376 2292 reddit,

371 2313 429 2382 sed
444 2313 532 2381 circa
547 2333 623 2380 eam
637 2312 759 2381 omnia.
783 2311 941 2393 Namque
957 2333 1020 2393 ego
1036 2333 1098 2380 nec
1128 2333 1200 2393 cur,
1214 2333 1277 2380 nec
1293 2333 1377 2394 quo·

370 2413 470 2482 modo
486 2434 539 2481 res
555 2419 749 2494 perpetrata
765 2413 818 2490 sit,
834 2411 939 2493 capio.
957 2411 1071 2494 Quum
1086 2433 1161 2480 eam
1178 2417 1286 2480 totam
1302 2432 1375 2480 rem

371 2535 505 2582 mecum
521 2513 640 2592 recolo,
665 2512 713 2580 ita
737 2511 820 2579 mihi
844 2519 951 2594 paret,
980 2511 1076 2593 quasi
1106 2511 1142 2579 in
1172 2511 1376 2594 ambagibus

371 2635 495 2695 verser,
511 2633 531 2681 e
547 2612 671 2695 quibus
685 2612 813 2680 nullam
830 2612 1012 2682 excedendi
1028 2612 1120 2680 viam
1136 2612 1298 2694 reperio.”

452 2711 545 2781 “Iam
561 2712 629 2793 fiet,
646 2711 691 2780 mi
708 2711 836 2794 Lester,
860 2719 901 2780 ut
926 2712 1017 2780 viam
1042 2711 1221 2793 reperias,”
1243 2711 1376 2781 solatur

371 2813 522 2895 Godfrey
537 2812 663 2893 quiete,
678 2811 734 2880 “et
749 2812 812 2880 hoc
827 2813 937 2880 mox.'’

455 2912 508 2982 “Si
523 2912 628 2981 habes
644 2934 712 2994 quo
736 2934 806 2980 rem
833 2912 991 2993 declares,
1018 2911 1201 2994 Godfrey‚’'
1222 2911 1375 2982 obtestor

369 3035 443 3096 ego,
460 3013 535 3081 “fac
551 3035 612 3095 per
626 3012 774 3081 Deorum
790 3012 902 3093 fidem,
918 3011 1069 3081 declara!
1106 3011 1183 3081 Noli
1199 3034 1253 3081 me
1269 3012 1304 3081 in
1319 3011 1374 3082 his

368 3114 572 3196 ambagibus
587 3115 642 3182 vel
657 3121 839 3194 momento,
867 3135 971 3196 quam
999 3114 1043 3183 sit
1065 3135 1211 3194 necesse,
1238 3112 1375 3196 longius

369 3215 589 3284 constrictum
604 3221 730 3282 tenere.
753 3214 904 3283 Tantum
919 3213 1009 3283 enim
1024 3213 1125 3282 istam
1148 3235 1221 3282 rem
1245 3213 1280 3282 in
1303 3213 1375 3283 ani·

369 3337 425 3384 mo
441 3314 652 3396 revolvitavi,
668 3322 708 3382 ut
725 3335 819 3382 mens
835 3314 901 3382 iam
917 3336 993 3382 mea
1009 3313 1073 3382 filis
1088 3314 1241 3383 confusis
1261 3313 1305 3382 sit
1332 3313 1375 3382 si·

369 3415 505 3483 milima.
528 3414 630 3483 Visne
657 3413 799 3482 innuere
826 3413 887 3482 tibi
916 3421 1023 3482 totam
1051 3434 1122 3482 rem
1138 3413 1204 3482 iam
1221 3413 1375 3495 explora·

370 3523 441 3584 tam
456 3514 576 3583 esse?”

454 3614 473 3641 “
489 3614 728 3696 ‘Exploratam'
748 3615 861 3695 paullo
886 3613 985 3682 nimis
1009 3634 1116 3695 agens
1139 3619 1192 3682 est
1215 3611 1374 3681 verbum.

370 3715 470 3784 Haud
487 3715 634 3783 multum
650 3713 803 3795 profecto
819 3713 853 3782 in
870 3713 934 3782 isto
949 3713 1077 3782 mundo
1093 3720 1144 3782 est
1156 3712 1248 3795 quod
1259 3713 1375 3795 explo-

368 3824 482 3884 ratum
496 3814 692 3882 habeamus.
716 3813 782 3882 Fac
799 3813 950 3882 dicamus
965 3813 1148 3882 admodum
1175 3834 1229 3881 me
1254 3811 1373 3895 ‘suspi-

368 3916 457 3986 cari'
473 3916 491 3943 '⁹
515 3914 628 3983 Oculis
643 3914 686 3982 ad
702 3914 842 3995 laquear
856 3914 977 3982 levatis
1002 3913 1172 3996 paulisper
1197 3913 1372 3982 conticuit.

368 4017 468 4096 Tum,
491 4014 714 4095 “Memineris
735 4013 781 4082 mi
808 4013 957 4095 Lestcr,”
982 4013 1102 4095 inquit,
1126 4011 1181 4081 “te
1197 4012 1371 4095 quondam

367 4138 422 4185 me
438 4113 692 4197 reprehendisse
708 4149 748 4157 -
764 4113 866 4182 etiam
882 4135 1023 4195 vespera
1038 4134 1193 4195 nuperna
1214 4133 1269 4180 me
1284 4133 1372 4181 som·

367 4217 423 4284 nia
445 4223 561 4284 texere
577 4213 724 4295 poetica;
747 4221 782 4281 at
799 4235 889 4281 nunc
914 4212 986 4282 haec
1012 4212 1141 4282 somnia
1167 4212 1268 4281 factis
1289 4219 1371 4281 sunt

367 4314 616 4398 comprobata.”

450 4414 593 4485 “Omnia
623 4435 663 4482 ea
693 4413 818 4481 indicta
848 4435 920 4482 esse
949 4414 1081 4494 velim,''
1110 4413 1285 4483 humiliter
1312 4411 1372 4481 ob·

368 4525 483 4589 testor.
