3128 5016
279 729 321 798 81
540 736 1020 796 muiracum

280 913 349 992 hat,
364 934 431 994 ego
445 934 580 980 mecum
595 912 752 994 reputari
768 911 852 993 quid
865 912 897 979 ei
911 910 1067 980 dicturus
1080 931 1200 978 eaeern
1211 908 1280 976 llo

279 1014 407 1081 minem
422 1014 537 1094 magni
551 1013 629 1091 feci,
644 1013 727 1080 scivi
742 1013 834 1080 enim
847 1034 904 1080 me
918 1012 965 1080 ili
978 1010 1149 1079 oontidere
1170 1030 1278 1092 posse.

280 1113 465 1195 l'tcunqae
481 1113 671 1195 periculum
687 1114 735 1181 rei
751 1135 806 1180 me
822 1114 938 1181 facere
953 1111 1115 1195 oportuit

364 1264 486 1332 “Nunc
507 1264 665 1346 denique.
688 1264 827 1344 Parbl'
853 1264 978 1332 iterum
1002 1284 1109 1341 orsus,
1133 1260 1280 1343 seposito

280 1365 409 1446 pocillo,
431 1365 544 1446 “quod
566 1366 628 1432 tibi
649 1366 762 1433 dicere
785 1365 895 1433 habeo
911 1386 966 1432 res
978 1363 1120 1446 grandis
1133 1384 1173 1430 ac
1190 1361 1280 1430 seria

279 1476 343 1544 est,
357 1488 419 1533 nec
431 1467 489 1533 ulli
501 1465 696 1547 prodideris
719 1465 794 1534 Scio
803 1478 838 1533 te
853 1465 937 1533 hero
951 1464 1098 1532 l'antine
1113 1483 1278 1544 perquam

280 1566 388 1634 fuisse
413 1565 578 1634 devotum
594 1603 626 1610 —
646 1567 760 1635 iamet
777 1566 857 1634 libet
872 1565 977 1634 fateri
1000 1586 1080 1633 eum
1095 1563 1131 1631 in
1146 1584 1209 1631 suo
1232 1570 1281 1630 te

278 1675 449 1734 stamento
464 1667 516 1735 tui
529 1690 713 1736 memorem
730 1668 954 1735 fuine-nec
970 1667 1038 1734 ullo
1053 1673 1154 1747 pacto
1161 1663 1281 1732 dubito

280 1767 363 1848 quin
375 1776 413 1834 tu
425 1780 565 1849 paratus
576 1769 621 1836 sis
630 1769 674 1836 ad
689 1768 881 1837 eruendum
896 1788 1060 1837 arcanmn
1076 1786 1148 1834 suae
1162 1763 1282 1832 mortis

279 1888 416 1936 omnem
433 1880 527 1937 tuam
542 1892 681 1951 operam
695 1870 884 1938 conferre?

364 2001 478 2070 “Nihss
495 2003 683 2085 quidquam
699 2004 781 2072 mihi
796 2003 881 2072 adeo
894 2003 988 2072 cordi
1002 2003 1087 2081 esc’
1100 2001 1148 2070 ait
1174 2001 1283 2070 Parks

280 2102 464 2271 {¹33}ss
477 2102 578 2225 corde
593 2126 674 2172 eum
700 2104 811 2173 dilexi.
835 2104 1018 2173 Interitum
1044 2103 1119 2172 eius
1139 2102 1283 2184 gratius

366 2336 475 2406 Pacile
490 2340 644 2420 perspexi
661 2362 740 2421 quae
754 2341 886 2410 iactura
899 2361 993 2408 mors
1007 2342 1072 2409 ista
1087 2362 1149 2423 pro
1173 2337 1282 2407 Parks

279 2437 502 2520 fuissetque}
515 2438 653 2521 quidem
669 2463 749 2509 eum
763 2442 867 2509 etiam
883 2441 994 2522 magis
1009 2462 1113 2522 quam
1128 2461 1184 2507 me
1199 2438 1282 2507 alle

279 2537 335 2615 cit,
351 2560 430 2606 nam
446 2539 501 2609 ille
516 2562 584 2608 non
602 2541 701 2609 modo
716 2542 874 2621 amicum,
890 2541 1130 2610 verumetiam
1146 2539 1277 2606 rictum

280 2638 404 2719 amisit,
421 2641 513 2709 unde
524 2664 603 2710 eum
620 2642 686 2710 iam
703 2644 820 2711 maiori
833 2664 911 2711 cum
923 2640 1116 2724 sympathia
1127 2661 1281 2722 prosecu-

281 2746 339 2806 tus
353 2760 440 2809 sum.

365 2891 449 2974 “Qui
466 2893 516 2961 tui
532 2916 653 2964 sensus
667 2896 721 2975 sit,
744 2904 901 2963 accurate
915 2893 1111 2976 perspicio‚”
1131 2892 1282 2972 inquam,

282 2989 393 3060 “unde
416 3002 451 3062 et
474 3003 570 3063 tuam
592 3017 730 3077 operam
752 2998 864 3077 magis
884 3005 1017 3076 expeto.
1039 2993 1189 3062 Causam
1210 3011 1282 3058 suae

281 3093 401 3161 mortis
416 3116 506 3176 vago
521 3095 668 3178 quodam
685 3095 786 3164 modo
801 3096 962 3178 suspicor,
978 3102 1015 3162 at
1030 3093 1094 3161 hoc
1109 3091 1210 3160 nimis
1224 3112 1283 3158 va·

280 3215 365 3275 gum
380 3195 463 3274 est,”
479 3196 649 3275 subiunxi,
663 3196 755 3279 quod
770 3195 995 3265 animadverti
1009 3194 1124 3263 oculos
1138 3192 1212 3261 eius
1226 3213 1283 3258 ex·

281 3296 489 3376 spectatione
505 3296 656 3376 dilatari;
672 3297 764 3365 “tam
788 3297 941 3378 prolecto
967 3315 1097 3377 vagum
1120 3300 1156 3361 et
1177 3290 1281 3360 ambi·

281 3416 391 3476 guum
407 3404 445 3464 ut
463 3397 574 3465 verbis
589 3397 791 3466 concredere
818 3397 876 3464 vix
900 3394 1055 3464 audeam.
1078 3392 1150 3461 Hoc
1173 3412 1282 3460 unum

279 3495 632 3566 tamen'haud'vereor
643 3497 754 3566 dicere
767 3531 803 3542 -
815 3516 990 3574 arcanum,
1000 3491 1166 3576 quidquid
1178 3490 1212 3559 id
1224 3491 1281 3569 sit,

280 3596 314 3665 in
330 3596 623 3677 antico'cubiculo,
636 3598 694 3666 ubi
706 3597 874 3666 cadavera
889 3602 1027 3678 reperta
1038 3600 1130 3671 sunt,
1145 3600 1206 3661 aut
1224 3613 1283 3658 ve·

281 3719 320 3766 ro
335 3698 369 3766 in
385 3698 556 3780 contiguo,
572 3698 631 3766 ubi
645 3698 797 3780 supellex
811 3695 948 3766 condita
963 3703 1027 3774 est,
1043 3692 1209 3775 originem
1224 3689 1283 3758 ha·

282 3798 349 3868 bet.
372 3798 422 3867 Ea
436 3798 592 3868 cubicula
615 3802 691 3867 sera
706 3797 891 3877 occludam,
918 3805 1021 3878 teque
1047 3813 1185 3876 operam
1200 3790 1283 3860 dare

282 3900 358 3968 volo
373 3898 490 3968 videre
511 3899 632 3983 nequis
647 3907 682 3968 te
696 3899 816 3982 ignaro
831 3919 872 3967 eo
887 3894 1075 3980 penetret”

365 4036 465 4108 “Non
490 4035 675 4107 admodum
696 4035 834 4106 videtur
860 4031 1049 4104 verosimile
1074 4048 1282 4114 quemquam
