3128 5016
572 831 779 884 rnonpnrux
802 831 996 884 cnunsxrrs
1262 819 1283 884 3

279 1021 416 1068 manere
431 1000 539 1068 satius
557 999 703 1068 duxerit.
726 999 934 1068 Mulierculae
957 998 1194 1081 nupturientes
1215 999 1283 1068 iam

278 1100 409 1183 pridem
425 1107 601 1169 cessarunt
616 1122 696 1168 eum
713 1099 747 1168 in
763 1100 831 1168 ullo
846 1121 990 1169 numero
1005 1098 1139 1180 habere;
1155 1106 1284 1169 matres

278 1223 357 1270 curn
372 1200 507 1269 filiabus
520 1199 693 1268 nubilibus
708 1221 832 1268 nomen
843 1200 917 1269 eius
927 1199 1078 1268 ominoso
1088 1198 1207 1281 capitis
1222 1221 1284 1269 nu·

278 1309 317 1369 tu
332 1300 605 1383 praeteriverunt.
628 1299 691 1368 His
716 1301 904 1382 praesertim
919 1298 1124 1368 auctricibus
1149 1300 1283 1369 factum

278 1408 386 1469 estut
409 1400 479 1483 ipse
501 1401 595 1469 fama
612 1400 745 1469 erratici
773 1406 958 1469 notaretur.
984 1398 1145 1468 Rationes
1168 1407 1284 1469 tamen

279 1522 358 1583 quae
374 1500 512 1569 eumad
529 1501 711 1569 solitariam
738 1499 929 1581 degendam
946 1500 1052 1568 vitam
1067 1499 1283 1582 induxerant,

279 1601 534 1670 iurisconsultos
562 1621 641 1668 suos
663 1600 756 1667 nullo
786 1599 886 1668 modo
908 1600 1098 1668 affecerunt
1123 1635 1164 1644 -
1191 1600 1283 1682 quod

279 1701 417 1784 quidem
433 1699 748 1769 iurisconsultorum
765 1721 891 1768 munus
906 1708 1061 1769 nostrum
1075 1701 1284 1769 consortium

280 1823 341 1882 per
367 1801 492 1869 multos
515 1822 621 1869 annos
646 1799 797 1883 gerebat,
813 1800 911 1869 cuius
925 1800 1171 1870 administratio
1185 1801 1285 1884 pede-

280 1902 401 1971 tentim
418 1909 491 1969 tota
507 1901 540 1969 in
556 1923 678 1970 manus
693 1922 786 1968 meas
801 1900 948 1969 devenit.

364 2001 458 2083 Opus
472 2000 564 2070 haud
580 2008 654 2070 erat
670 2000 769 2069 nimis
784 2001 941 2082 arduum,
968 2001 1058 2082 quod
1082 2002 1284 2084 plerumque

279 2101 421 2183 epactis
436 2101 640 2170 locationum
667 2100 903 2182 exscribendis,
929 2101 1088 2183 cogendis
1109 2102 1284 2185 locariis,e

279 2201 427 2270 locandis
444 2200 613 2282 sortibus,1
631 2209 666 2269 et
692 2223 711 2268 c
735 2201 976 2282 componendis
1000 2201 1182 2270 levioribus
1207 2224 1285 2271 con·

279 2301 499 2381 tentionibus,
514 2308 549 2369 ct
564 2300 684 2382 iurgiis
697 2322 777 2368 cum
792 2300 964 2382 inquilinis
975 2301 1179 2370 consistebat
1194 2338 1233 2346 -
1248 2302 1283 2370 in

279 2400 404 2482 quibus
419 2400 576 2468 omnibus
598 2400 697 2482 plena
712 2399 810 2467 nobis
831 2399 1031 2469 decernendi
1046 2401 1193 2470 facultas
1207 2423 1285 2470 con-

278 2522 372 2569 cessa
388 2508 471 2568 erat.
505 2499 654 2569 Subinde
671 2508 785 2568 tamen
808 2522 944 2569 necesse
959 2509 1033 2569 erat
1055 2501 1212 2569 clientem
1226 2523 1284 2569 no

279 2608 398 2679 strum,
415 2599 534 2682 siquod
549 2600 726 2682 negotium
742 2607 904 2669 consueto
916 2600 1056 2682 gravius
1067 2601 1283 2670 tractandum

279 2709 363 2780 erat,
386 2701 441 2768 vel
456 2700 499 2768 ad
516 2700 747 2783 subsignanda
763 2700 935 2769 interdum
959 2700 1172 2783 documenta,
1191 2701 1284 2771 adire

279 2809 313 2868 et
329 2800 518 2880 consulere,
540 2808 644 2882 atque
669 2799 899 2870 occasionibus
921 2800 1121 2882 istiusmodi,
1143 2801 1284 2871 collocu-

280 2900 439 2980 tionibus,
451 2921 529 2982 quae
544 2901 682 2982 negotia
703 2909 779 2969 acta
803 2900 898 2982 sequi
918 2901 1080 2982 solebant,
1107 2923 1283 2985 nunquam

280 3022 347 3068 non
375 3000 535 3069 delectari
558 3000 738 3081 consuevi;
771 3022 851 3069 nam
867 3000 1014 3070 Vantine
1029 3023 1183 3071 sermone
1198 3002 1285 3071 dele-

279 3099 411 3168 ctabilis
425 3107 509 3180 erat,
525 3099 753 3182 cognitionem
769 3100 944 3169 hominum
967 3101 1153 3183 mundique
1168 3101 1285 3171 multis

280 3199 612 3282 peregrinationibus
637 3199 766 3281 doctus,
781 3199 970 3283 habituque
987 3201 1112 3283 ingenii
1129 3201 1228 3283 lepidi
1244 3223 1284 3272 ac

280 3300 490 3383 perspicacis,
505 3321 712 3382 prorsusque
728 3299 791 3381 sui,
807 3308 950 3370 omatus
965 3310 1049 3370 erat.

364 3417 411 3485 Ut
426 3416 517 3485 aedes
531 3417 704 3499 ingressus
719 3417 845 3499 pileum
863 3419 1089 3500 baculumque
1101 3418 1285 3501 pedisequo

280 3539 342 3585 suo
358 3538 583 3599 porrexeram,
599 3517 670 3600 ipse
685 3517 767 3586 mihi
783 3517 918 3586 obviam
945 3518 1049 3599 venit,
1073 3527 1109 3587 et
1130 3519 1217 3587 alter
1238 3519 1283 3588 al·

383 3722 404 3769 l.
422 3719 544 3771 Romano
557 3735 638 3771 sensu
651 3719 812 3771 mercatorio
825 3733 891 3770 sors
903 3719 961 3770 sive
974 3722 1074 3785 caput,
1091 3719 1108 3771 i.
1120 3735 1143 3770 e.
1168 3719 1285 3784 pecunia

281 3801 309 3852 in
323 3801 463 3866 negotium
478 3802 576 3862 locata;
595 3819 676 3855 sensu
697 3801 826 3854 moderno
838 3802 921 3854 etiarn
933 3799 1040 3853 oborta
1058 3801 1207 3855 mercatilis
1223 3815 1284 3868 qun

279 3884 391 3937 exbibet
411 3891 543 3951 quantam
556 3886 618 3952 quis
631 3886 773 3951 pecuniam
792 3885 821 3937 in
845 3885 986 3951 negotium
1010 3885 1149 3945 locaverit,
1171 3885 1213 3937 uti
1237 3901 1286 3951 per

279 3974 368 4020 sortes
380 3968 569 4028 ferroviarum
582 3969 756 4028 fabricarum,
770 3975 928 4020 caeterorum
943 3968 1126 4034 negotiorum,
1138 3984 1198 4034 quae
1210 3968 1287 4020 cbar-

278 4058 315 4104 t:
327 4052 482 4105 mercatiles
495 4051 523 4103 in
538 4049 670 4103 basilide
684 4052 745 4104 sive
758 4052 833 4111 locis,
853 4052 898 4103 ubi
921 4051 1099 4104 mercimonia
1118 4057 1285 4112 emutantur,

280 4150 327 4200 per
338 4133 500 4187 orilotores
514 4140 642 4187 emuntur
654 4141 681 4187 et
693 4135 858 4188 venduntur.
