3128 5016
279 723 320 790 32
539 735 747 788 ursrmuuu
769 735 877 788 anca
898 728 1018 788 nomn

363 903 595 973 “Sententiam
618 903 828 985 Goldberger
850 902 949 972 enixe
980 902 1085 984 probo
1115 937 1156 947 -
1185 903 1280 972 fama

278 1014 348 1074 tuae
364 1004 576 1073 liberalitatis
591 1025 670 1073 eum
686 1005 855 1084 allectum,
865 1010 961 1072 tuam
970 1025 1070 1086 opem
1085 1002 1279 1085 flagitatum

277 1105 320 1174 ad
336 1113 370 1173 te
387 1104 529 1185 venisse,
545 1112 580 1172 et
596 1103 679 1173 dum
694 1112 729 1172 te
744 1103 1005 1186 praestolabatur
1019 1125 1114 1186 spem
1130 1125 1210 1172 eum
1224 1103 1281 1172 dc-

278 1205 422 1274 seruisse
439 1205 500 1248 —”

363 1303 521 1387 “Sibique
537 1311 682 1372 mortem
698 1303 922 1374 adscivisse?”
937 1304 1051 1387 explet
1064 1303 1222 1372 Vantine.

364 1405 459 1487 Coepi
475 1404 642 1473 dubitare.
666 1404 800 1472 Interea
825 1403 970 1472 miratus
994 1403 1103 1486 reperi
1126 1405 1281 1472 animum

278 1505 359 1574 mihi
376 1504 499 1573 sensim
515 1504 658 1573 dubium
673 1504 832 1587 irrepere.

363 1621 549 1691 “Ausculta
563 1622 673 1703 modo,
683 1621 728 1689 mi
742 1621 891 1702 Lester,”
907 1622 1005 1690 fatur
1021 1619 1170 1689 Vantine
1184 1621 1281 1702 serio,

278 1721 354 1792 “iac
370 1744 449 1791 eum
464 1744 532 1790 non
549 1744 621 1791 sese
636 1722 804 1803 occidisse,
821 1721 902 1804 quid
918 1728 993 1790 tum
1009 1721 1040 1789 ei
1055 1720 1218 1790 accidit‘l”

363 1838 436 1906 “Dii
453 1839 512 1908 soli
528 1839 686 1919 norunt‚”
702 1861 762 1921 spe
778 1838 916 1906 relictus
931 1837 1100 1919 respondi.
1116 1836 1211 1906 “Ida
1227 1859 1283 1907 me

278 1940 351 2022 ipso
367 1940 492 2008 iterum
508 1939 702 2021 iterumque
718 1938 871 2021 quaesivi,
888 1938 970 2020 quin
992 1958 1192 2019 responsum
1208 1959 1283 2020 pro

279 2039 390 2122 prium
407 2039 549 2107 reddere
566 2039 761 2120 potuissem.
799 2037 871 2106 Hoc
895 2037 984 2106 idern
1010 2037 1167 2119 respondi
1183 2036 1283 2106 Gold-

279 2138 411 2221 berger,
428 2160 500 2207 esse
515 2160 578 2206 nos
607 2139 697 2207 inter
723 2159 841 2206 saxum
872 2144 907 2206 et
931 2158 1036 2205 mare.
1069 2135 1134 2206 Sed
1150 2137 1177 2206 si
1192 2137 1284 2219 quis·

279 2261 382 2322 quarn
398 2261 459 2321 par
473 2239 517 2307 sit
533 2238 566 2307 id
583 2238 825 2320 perspiciendo,
840 2245 932 2306 certe
947 2237 976 2305 is
990 2237 1141 2319 Godfrey
1156 2237 1240 2307 est.'’

363 2356 510 2424 Vantine
526 2356 651 2424 eximo
667 2355 849 2424 videbatur
872 2362 987 2423 motus
1010 2353 1133 2422 animo.
1171 2353 1281 2424 Semel

279 2456 472 2538 iterumque
502 2455 751 2538 perambulavit
780 2454 985 2535 cubiculum,
1013 2462 1088 2522 turn
1119 2461 1199 2523 ante
1227 2476 1283 2524 me

278 2556 429 2625 constitit
443 2557 548 2624 oculis
563 2556 598 2623 in
613 2577 668 2624 me
684 2554 812 2624 defixis.

362 2672 455 2752 “Dic,
472 2671 578 2752 sodes,
594 2671 639 2739 mi
656 2671 804 2751 Lester,”
830 2670 950 2752 inquit,
975 2668 1080 2738 “num
1105 2670 1284 2740 sententiae

279 2773 430 2854 Godfrey
444 2771 626 2852 assentiris
642 2771 714 2839 fieri
738 2793 834 2853 posse
864 2778 903 2838 ut
932 2771 1105 2838 minutum
1135 2769 1217 2838 illud
1249 2770 1283 2838 in

279 2894 381 2940 manu
398 2872 525 2940 vulnus
540 2893 643 2939 c.··usa
659 2871 778 2938 mortis
792 2893 865 2938 esse
888 2869 1030 2952 possit?”

363 2988 505 3055 “Nonne
521 2986 708 3055 absurdum
725 3009 797 3055 esse
813 2987 972 3055 videtur?
1004 2987 1050 3054 At
1066 2985 1218 3068 Godirey
1240 2985 1283 3055 ad

279 3087 480 3156 divinandas
495 3087 682 3155 istiusmodi
701 3109 755 3155 res
769 3087 905 3168 ingenio
920 3087 1053 3168 pollet.’'

363 3188 475 3268 “Ergo
491 3196 529 3255 tu
546 3188 702 3254 credis?'’

365 3287 456 3355 Idem
472 3309 493 3354 a
508 3309 562 3354 me
578 3287 647 3368 ipse
663 3286 804 3368 quaesivi
817 3286 1015 3368 priusquam
1027 3286 1284 3368 respondissem.

363 3387 446 3467 “lta,
464 3409 554 3465 sane,
570 3395 605 3455 et
621 3408 685 3467 ego
701 3387 832 3466 credo,”
848 3386 988 3454 tandem
1005 3386 1121 3454 lassus
1135 3407 1222 3455 sum.

364 3488 448 3555 Dein
466 3488 612 3554 Vantine
628 3488 743 3555 fronte
760 3494 893 3568 rugata,
916 3486 1022 3554 oculis
1048 3485 1211 3566 demissis,
1227 3485 1287 3555 ite·

281 3609 356 3655 rum
375 3586 594 3654 obambulare
610 3587 721 3669 coepit.

363 3704 503 3771 “Lcstcr
520 3705 595 3782 mi,'‘
613 3704 750 3772 tandem
765 3705 869 3784 latur,
886 3703 1064 3785 “quaedam
1077 3725 1132 3772 me
1144 3703 1286 3786 suspitio

280 3812 374 3872 tenet
390 3804 483 3871 illum
499 3805 612 3884 aliquo
627 3804 775 3885 negotio,
800 3803 890 3886 quod
914 3824 1028 3872 arcam
1054 3803 1161 3872 Boule
1185 3803 1287 3886 respi-

279 3926 355 3973 cere
371 3913 515 3985 poterat,
530 3904 573 3971 ad
590 3925 643 3971 me
661 3904 772 3972 visum
791 3904 932 3983 venisse,
949 3924 1070 3985 nempe
1098 3924 1202 3985 quarn
1225 3902 1286 3972 tibi

285 4024 340 4073 am
356 4003 551 4071 memoravi.
579 4002 661 4071 Haec
679 4004 822 4071 fortasse
838 4003 911 4072 eius
925 4003 1030 4071 erat.”
