3128 5016
707 783 856 840 sunum
1240 766 1284 836 37

363 951 577 1023 “Novissime
592 973 636 1022 ne
651 951 829 1022 dimidium
845 949 984 1035 quidem
1009 950 1123 1034 satis,”
1149 971 1286 1034 respon·

282 1054 327 1124 di.
349 1051 458 1123 “Hinc
472 1075 535 1136 per
547 1073 681 1122 menses
694 1051 868 1122 abfuisti.''

364 1152 451 1223 “Pro
466 1159 559 1223 certo
574 1151 657 1222 scivi
672 1174 728 1221 me
744 1151 812 1221 huc
827 1150 936 1221 serius
949 1157 1012 1220 aut
1026 1150 1158 1221 tardius
1173 1171 1286 1220 recur-

279 1275 411 1336 surum
424 1252 486 1322 tibi
500 1252 593 1322 enim
607 1253 749 1322 fortuna
764 1252 873 1334 favet,
883 1272 1050 1333 casusque
1065 1250 1185 1335 optimi
1200 1272 1286 1319 sem·

279 1376 341 1438 per
355 1353 398 1423 ad
413 1359 449 1422 te
463 1352 652 1423 confluunt.
689 1353 815 1436 Atque,
842 1351 962 1421 Lester
987 1350 1046 1434 mi,
1072 1372 1140 1420 non
1165 1349 1286 1420 dubito

280 1474 476 1524 asseverare
491 1453 625 1522 nullum
635 1474 773 1535 prorsus
784 1451 937 1521 omnium
947 1457 1019 1521 tam
1030 1451 1192 1534 praeclare
1204 1449 1285 1518 omi·

280 1561 402 1624 natum
411 1574 485 1622 esse
497 1573 601 1636 quam
613 1558 665 1620 est
673 1552 737 1620 iste
745 1552 958 1621 novissimus.
974 1550 1075 1620 Modo
1086 1551 1115 1620 is
1123 1550 1285 1634 perduret

281 1690 322 1700 -
336 1653 479 1723 nimium
496 1659 611 1721 tamen
625 1673 762 1734 sperare
778 1651 870 1720 haud
886 1652 1015 1721 decet.’'

363 1752 510 1822 “Nullus
524 1751 642 1821 dubito
658 1758 693 1820 te
708 1751 788 1821 huic
803 1751 944 1821 eventui
966 1749 1185 1822 describendo
1200 1749 1285 1819 fuis-

280 1875 316 1924 se
331 1853 535 1923 intentum.’'

363 1952 520 2023 “Otiatus
534 1951 671 2020 minime
683 1973 770 2034 sum,
783 1958 819 2021 et
833 1951 1003 2021 nunciam
1014 1950 1137 2034 incipio
1147 1971 1283 2019 mecum

278 2059 461 2124 contentus
475 2073 558 2120 esse.
581 2050 733 2121 Medicus
748 2052 925 2122 mortuarii
940 2051 1000 2122 vix
1014 2057 1095 2121 ante
1109 2050 1283 2120 dimidiam

279 2153 398 2223 horam
413 2173 556 2221 examen
570 2151 740 2221 medicum
755 2152 930 2222 absolvit.'’

364 2251 478 2335 “Ergo
492 2252 528 2322 ?'’
541 2251 688 2320 verbum
703 2259 832 2335 repeto.

364 2351 586 2423 “Stomachus
601 2351 760 2422 omnibus
785 2351 939 2421 numeris
962 2352 1140 2435 perfectus
1154 2356 1190 2419 et
1205 2350 1284 2420 illae·

280 2474 339 2524 sus
353 2458 511 2536 repertus
525 2458 587 2520 est.
609 2451 754 2522 Prorsus
768 2453 901 2522 nullum
916 2451 1100 2534 vestigium
1115 2450 1284 2520 ulliusve

279 2553 359 2623 neni
374 2551 552 2636 prodidit.”

362 2653 454 2722 'him
469 2650 690 2734 pandiculans
704 2651 740 2720 in
755 2651 837 2721 sella
862 2651 1049 2733 reclinavit,
1070 2651 1208 2720 fumum
1223 2672 1284 2733 gy-

280 2759 414 2822 rantem
429 2772 552 2820 versus
567 2751 708 2821 lacunar
722 2751 861 2833 efflavit,
876 2751 1059 2833 animoque
1069 2771 1191 2833 vagus,
1207 2750 1285 2819 sub·

280 2851 394 2922 ridens
408 2850 514 2920 oculis
527 2851 666 2920 fumum
681 2857 924 2933 exsurgentem
940 2849 1157 2932 sequebatur.

364 2950 518 3020 “Bellum
533 2972 595 3033 pro
610 2951 718 3020 amico
733 2957 851 3020 nostro
877 2949 1088 3033 Goldberger
1110 2955 1284 3032 spectacu-

280 3051 382 3133 lum,’'
397 3050 510 3132 inquit
524 3057 601 3133 post
615 3051 829 3134 aliquantum
844 3072 958 3120 morae.

365 3148 556 3233 “Quidnam
571 3150 620 3219 rei
635 3157 688 3220 est
703 3173 782 3220 cum
806 3151 1043 3233 Goldberger?
1075 3150 1197 3220 Nonne
1218 3149 1282 3219 hoc

281 3249 534 3334 postmeridiem
550 3271 643 3332 aegre
657 3272 693 3320 se
709 3273 792 3333 erga
806 3258 842 3320 te
856 3251 963 3334 gessit
975 3250 1011 3320 ?'’

369 3349 516 3420 “Mirum
530 3371 598 3418 non
615 3357 676 3419 est.
688 3351 764 3434 lpse
775 3351 875 3419 homo
891 3349 1005 3432 Grady
1015 3356 1078 3432 est,
1098 3369 1161 3418 nos
1169 3355 1285 3419 autem

282 3450 396 3533 Grady
420 3449 544 3518 infensi
569 3471 697 3519 sumus.
720 3450 834 3533 Grady
849 3451 893 3519 ad
908 3449 1093 3532 regendam
1109 3448 1281 3518 decuriam

282 3557 446 3633 agentum
460 3571 528 3618 non
544 3549 636 3619 valet
652 3586 690 3595 -
706 3572 848 3620 munere
863 3551 960 3620 velut
974 3571 1079 3632 nepos
1093 3549 1283 3631 Tammany

283 3651 411 3733 potitus
426 3656 478 3718 est
505 3684 545 3694 -
568 3649 640 3731 ipse
667 3650 795 3720 bardus
819 3658 881 3733 est,
908 3657 943 3720 et
959 3657 999 3719 ut
1014 3649 1176 3732 suspicor,
1190 3649 1283 3718 haud

284 3750 444 3819 sincerus.
466 3751 600 3819 Record
615 3750 721 3819 edixit
734 3773 814 3820 eum
829 3752 998 3820 facessere
1013 3749 1199 3832 oportere.”

366 3848 479 3932 “Ergo
494 3848 624 3932 absque
640 3850 754 3934 dubio,
769 3858 805 3921 et
821 3853 1011 3934 sucesset‚''
1036 3850 1283 3932 interpretatus

283 3972 358 4021 sum
373 3971 448 4033 ego.

366 4048 479 4120 “Nihil
494 4049 651 4134 certius,'’
666 4051 788 4135 probat
803 4051 954 4135 Godfrey
964 4071 1104 4135 prorsus
1114 4049 1210 4132 serio,
1226 4048 1283 4120 “et
