3128 5016
454 785 628 842 ponamus
652 785 793 850 oumnu
819 784 1032 842 suurnron
1178 769 1241 840 139

237 954 415 1024 tuerimus.
431 953 496 1025 Sed
516 976 609 1024 nunc
637 976 751 1024 arcam
776 954 993 1024 solertissime
1018 952 1238 1023 custodimus.

239 1055 305 1124 Per
320 1077 376 1124 me
390 1054 472 1123 nihil
488 1055 627 1137 quidem
642 1054 756 1123 obstat
770 1054 953 1137 quominus
966 1054 1071 1124 cliens
1085 1059 1147 1122 tua
1162 1073 1238 1121 eam

238 1155 364 1236 videat,
379 1154 556 1239 indulgere
571 1161 686 1224 tamen
701 1162 741 1224 ut
756 1161 879 1238 tangat
894 1176 962 1223 non
978 1176 1116 1238 possum
1125 1158 1240 1222 -aut

239 1256 359 1324 saltem
374 1255 457 1338 quin
472 1255 555 1325 sciat
571 1276 633 1324 cur
648 1254 682 1324 id
697 1276 801 1337 agere
827 1254 920 1323 velit.
944 1253 1139 1324 Memineris
1153 1252 1237 1322 nihil

239 1362 273 1424 te
289 1355 372 1424 mihi
387 1357 554 1424 revelasse
570 1377 676 1439 quare
692 1355 765 1437 ipsa
780 1376 855 1424 eam
871 1354 987 1424 videre
1003 1353 1137 1423 vellet.'’

323 1454 449 1538 “Atqui
465 1476 540 1538 ego,
557 1455 647 1524 Here
663 1455 792 1536 Lester,
820 1454 1054 1537 paratissimus
1068 1476 1144 1523 sum
1160 1475 1240 1523 cau-

239 1577 311 1624 sam
328 1555 387 1624 tibi
403 1556 586 1636 revelare,”
603 1555 724 1638 inquit.
761 1553 875 1624 “Nihil
890 1554 954 1623 nisi
970 1575 1109 1638 aequum
1124 1554 1239 1622 fecero

239 1657 266 1725 si
293 1663 328 1724 te
351 1654 385 1724 id
410 1655 566 1724 docuero.
591 1655 711 1724 Relata
737 1677 845 1739 quum
871 1654 1053 1736 audiveris,
1068 1653 1095 1723 si
1111 1653 1173 1723 tibi
1189 1654 1238 1724 ita

241 1756 354 1824 visum
370 1755 488 1837 fuerit,
505 1756 697 1825 Matronam
713 1755 744 1824 X
759 1755 801 1825 ad
818 1777 932 1825 arcam
948 1754 1124 1824 visendam
1150 1753 1234 1824 acci·

237 1856 364 1926 emus.”

322 1955 458 2037 “Esto”
475 1955 665 2039 adstipulor
680 1955 736 2025 illi.

322 2056 397 2138 lpse
411 2055 446 2124 in
462 2057 542 2125 sella
557 2056 750 2138 reclinatus,
765 2057 865 2125 vultu
880 2055 988 2138 gravi,

320 2155 451 2225 “Cliens
463 2157 568 2237 mea,”
580 2155 701 2238 inquit,
710 2155 783 2225 “est
793 2156 948 2239 prosapia
957 2157 1046 2225 clara
1056 2154 1235 2225 cuiusdam

237 2256 375 2325 ramiliae
390 2256 601 2325 Americanae
616 2292 657 2300 -
672 2278 837 2339 perquam
853 2256 1001 2326 illustris.
1038 2255 1165 2325 Tribus
1178 2276 1238 2324 an·

238 2357 291 2425 nis
305 2356 349 2425 ab
364 2356 443 2424 binc
467 2356 584 2439 nupsit
604 2356 740 2425 cuidam
768 2356 872 2425 nobili
898 2356 1039 2425 Franco.
1077 2355 1239 2424 Divinare

238 2459 384 2526 fortasse
402 2456 528 2539 poteris
543 2478 676 2537 nomen,
699 2478 764 2538 ego
788 2463 903 2525 tamen
927 2457 1036 2525 multo
1059 2455 1174 2525 malim
1198 2462 1238 2524 ut

236 2564 359 2626 neuter
373 2563 529 2626 nostrum
546 2557 733 2638 proferat.”

321 2656 439 2739 Capite
454 2656 569 2725 annui.

322 2755 474 2825 “Nobilis
487 2757 550 2825 iste
566 2764 637 2826 tam
654 2756 817 2839 prodigus
838 2778 942 2839 quam
958 2756 1083 2826 infidus
1097 2755 1237 2827 exstitit.

240 2856 409 2925 Fortunas
423 2878 509 2926 meae
523 2857 655 2925 clientis
670 2857 766 2939 larga
781 2879 884 2925 manu
896 2856 1025 2925 solebat
1036 2855 1239 2925 diffundere.

240 2957 378 3025 Pellices
404 2978 483 3025 suas
508 2979 622 3026 coram
648 2978 689 3025 ea
717 2957 851 3039 publice
866 2964 1037 3025 ostentare
1053 2955 1240 3026 consuevit.

240 3051 328 3139 Quin
344 3064 379 3124 et
395 3063 528 3125 tentare
543 3056 692 3124 audebat
706 3055 793 3125 hanc
805 3056 942 3138 adigere
954 3063 994 3125 ut
1004 3077 1109 3124 unam
1121 3077 1240 3124 earum

240 3156 331 3238 apud
347 3178 382 3224 se
396 3157 576 3238 exciperet.
601 3156 714 3225 Fateri
729 3156 840 3225 audeo
855 3178 910 3224 me
926 3178 1011 3237 eam,
1034 3155 1125 3239 quod
1146 3155 1239 3224 hunc

239 3278 306 3324 non
323 3256 390 3325 iam
407 3256 537 3325 dudum
553 3256 753 3338 reliquisset,
765 3257 905 3325 stultam
917 3255 1127 3325 iudicavisse.
1139 3254 1240 3325 Fidu-

239 3356 331 3424 cian'i
347 3357 492 3438 denique
517 3357 736 3424 fortunarum
758 3363 924 3425 matronae
950 3377 986 3424 se
1011 3356 1240 3437 ingesserunt,

239 3479 318 3525 nam
334 3463 432 3539 pater
447 3456 607 3537 mulieris,
622 3478 684 3538 pro
699 3478 761 3525 sua
776 3456 967 3538 prudentia,
983 3464 1115 3538 partem
1130 3455 1241 3523 fortu-

239 3579 361 3625 narum
390 3556 467 3624 filiae
493 3556 526 3624 in
553 3556 712 3625 fiduciam
741 3556 890 3625 tradidit.
922 3555 966 3624 Hi
997 3556 1113 3625 debita
1126 3553 1241 3624 mariti

241 3657 481 3738 dissolverunt,
496 3656 702 3738 stipendium
717 3657 747 3724 ei
764 3663 972 3737 statuerunt,
994 3656 1135 3739 eiusque
1149 3655 1241 3726 debi-

241 3766 332 3827 tores
347 3765 554 3824 monuerunt
570 3757 691 3825 futura
706 3757 779 3825 eius
790 3756 905 3825 debita
920 3756 1069 3826 solutum
1084 3778 1152 3825 non
1168 3757 1239 3825 iri.''

324 3858 391 3925 Per
402 3856 463 3925 hoc
481 3864 617 3939 tempus
631 3878 755 3925 nomen
778 3878 848 3925 suae
873 3856 1005 3926 clientis
1027 3856 1147 3939 utique
1172 3856 1240 3926 iam

239 3958 401 4038 divinavi,
417 3956 585 4039 siquidem
603 3957 787 4038 singularia
814 3957 886 4025 haec
913 3979 970 4026 ore
994 3956 1147 4027 omnium
1172 3957 1240 4027 iam

240 4059 299 4129 diu
315 4060 414 4142 longe
442 4061 579 4141 lateque
603 4057 815 4140 ferebantur,
840 4079 903 4127 nec
928 4064 981 4128 est
1006 4079 1069 4128 cur
1082 4079 1240 4129 moneam
