3128 5016
581 837 886 894 munumnonm
1171 818 1233 890 115

231 1013 293 1076 ret.
305 1006 531 1078 Circuivimus
545 1007 785 1092 pedeplanum¹
798 1006 992 1091 indagando
1007 1005 1090 1090 quin
1104 1002 1232 1087 aliquid

230 1108 393 1177 momenti
408 1108 660 1191 reperissemus

304 1206 546 1291 “Inspiciamus
553 1230 646 1278 nnnc
653 1209 923 1291 carpusculum,''
931 1207 1128 1288 invitatille,
1137 1205 1233 1276 deor·

231 1329 376 1391 sumque
390 1329 452 1391 per
465 1308 594 1392 gradus
607 1309 699 1379 viam
709 1309 815 1379 flectit
825 1309 874 1379 ita
884 1316 1034 1392 paratus,
1043 1316 1084 1377 ut
1092 1307 1171 1377 inde
1183 1307 1233 1376 in·

228 1408 430 1478 tellexissem
445 1430 524 1478 eum
540 1408 608 1478 iam
623 1416 725 1479 antea
735 1409 874 1479 domum
885 1415 1137 1493 perscrutatum
1146 1429 1229 1477 esse.

314 1508 354 1578 In
369 1508 482 1578 culina
494 1509 700 1579 offendimus
720 1531 835 1579 coeam
858 1517 963 1591 atoue
985 1508 1138 1578 ancillam
1160 1510 1232 1578 una

230 1608 387 1679 sedentes
402 1616 437 1678 et
452 1610 622 1679 submissa
636 1632 719 1680 voce
734 1611 974 1693 colloquentes.
1000 1608 1156 1680 Sollicitae
1169 1629 1232 1678 nos

229 1709 483 1793 exspectabant,
497 1708 556 1779 sed
571 1732 636 1793 ego
661 1710 705 1780 ad
729 1710 859 1780 animos
882 1731 1001 1780 earum
1023 1709 1233 1792 permulcen-

228 1808 289 1879 dos
303 1809 449 1892 constiti,
464 1809 548 1880 dum
563 1809 713 1893 Godfrey
728 1810 952 1880 n'mabundns
965 1809 1136 1893 processit.
1150 1809 1231 1879 Mox

227 1931 307 1979 eum
321 1931 376 1979 me
391 1917 572 1979 vocantem
587 1910 714 1980 audivi.

313 2009 403 2079 Eum
428 2009 463 2079 in
486 2031 620 2079 camera
635 2010 782 2093 quadam
808 2010 916 2081 veluti
941 2009 1125 2092 ruderaria,
1151 2016 1232 2080 ante

228 2109 397 2193 singulam
412 2109 486 2180 eius
500 2110 697 2193 fenestram,
714 2111 881 2181 latemula
896 2110 1051 2180 electn'ca
1065 2111 1099 2179 in
1115 2133 1231 2194 manu,

227 2217 375 2279 stantem
391 2209 499 2292 reperi

310 2307 454 2392 “Specta
468 2309 569 2379 modo
584 2312 655 2393 eo,”
671 2333 755 2380 voce
770 2319 867 2381 motu
883 2311 987 2381 animi
1010 2311 1157 2381 tremula
1180 2333 1232 2381 ra·

226 2409 290 2479 diis
305 2409 442 2479 luminis
456 2431 497 2479 eo
512 2411 609 2481 flexis
630 2411 864 2481 commisuras²
885 2412 1105 2495 quadraturae
1128 2411 1232 2481 unius

227 2511 390 2580 fenestrae
403 2511 594 2593 superiores
609 2519 644 2581 et
659 2511 838 2581 interiores
852 2511 989 2581 indicat.

310 2609 502 2694 “Quidnam
516 2611 550 2680 id
565 2611 663 2681 estl''
680 2633 797 2695 quaero
814 2619 988 2681 momento
1004 2619 1090 2695 post.
1117 2610 1231 2681 “Nihil

228 2710 307 2780 mali
321 2711 454 2780 cemo.''

310 2810 365 2879 “N
366 2810 491 2881 ihilne?
505 2812 627 2881 Nonne
638 2811 735 2882 vides
745 2819 882 2895 paratas
891 2811 1029 2882 insidias
1037 2811 1177 2881 domum
1188 2812 1230 2882 is·

225 2918 297 2980 tam
306 2910 370 2980 hac
377 2918 477 2981 nocte
485 2912 684 2982 invadendi?
697 2912 867 2993 Quidnam
882 2911 945 2981 hoc
961 2910 1227 2983 aliudindicatl”

308 3011 434 3094 Ungue
455 3011 561 3094 igitur
585 3012 688 3081 unius
710 3012 807 3095 digiti
831 3021 984 3082 extrema
1006 3012 1129 3082 tortilis
1143 3014 1228 3082 inte-

226 3111 291 3180 xti³
305 3111 458 3181 revulsit.
481 3113 553 3182 Iam
568 3134 660 3182 nunc
675 3119 712 3182 et
726 3134 790 3195 ego
806 3111 962 3196 perspexi
976 3112 1089 3181 tortile
1112 3112 1228 3183 rescis-

223 3231 301 3281 sum
315 3211 432 3281 fnisse.

325 3397 348 3447 1.
365 3392 577 3462 Pedopldmtm,
595 3393 627 3457 ei,
643 3402 685 3448 est
705 3411 810 3462 eapars
828 3396 958 3463 cuiusque
975 3393 1093 3455 edificii,
1116 3411 1177 3462 quae
1194 3396 1223 3449 in

222 3460 313 3582 flauo
325 3467 440 3541 estcum
448 3460 576 3542 podibus
589 3463 618 3515 in
636 3463 681 3515 via
697 3464 911 3524 ambulantium
928 3469 970 3517 est
987 3478 1068 3529 supra
1084 3477 1225 3529 corpuscu-

233 3545 287 3590 um,
301 3535 376 3582 conti
416 3535 473 3582 at1o
486 3530 582 3595 prima.

322 3598 348 3649 2.
383 3594 558 3648 mnmisuro.
574 3610 618 3658 -ε,
630 3597 725 3676 lingui
734 3596 873 3649 fabrorum
886 3597 1013 3650 technica
1023 3596 1224 3663 contagionem,

221 3662 280 3715 sive
293 3678 355 3715 eum
369 3663 458 3715 locum
471 3661 619 3730 significat,
632 3664 678 3716 ub1
691 3680 753 3719 orae.
771 3664 865 3723 latera,
883 3665 997 3716 duarum
1014 3665 1169 3717 tabularum
1185 3680 1225 3717 se-

221 3744 250 3781 se
262 3730 436 3795 contingunt,
450 3736 478 3783 et
491 3731 649 3797 plerumque
660 3731 736 3798 glute
754 3730 798 3782 vel
811 3731 927 3798 glutine,
940 3732 1160 3797 compinguntur.
1171 3731 1224 3784 Hic

221 3797 414 3863 contagionem
427 3797 532 3849 indicat
544 3812 576 3849 su
610 3798 690 3850 rionis
703 3804 731 3850 et
743 3797 883 3851 inferioris
899 3798 1070 3865 quadraturae
1091 3798 1224 3851 fenestra-

221 3878 289 3924 rum,
302 3868 333 3915 ut
345 3879 377 3916 eu
389 3864 419 3915 in
431 3865 559 3917 America
570 3814 649 3916 duint„

320 3931 346 3983 ³.
367 3928 476 3982 Portica
487 3930 633 3983 intextum
647 3937 688 3984 est
702 3929 779 3983 filum
797 3946 905 3991 aereum,
922 3931 1080 3999 plerumque
1093 3947 1222 3997 cupreum

220 3996 264 4048 vel
276 3997 405 4058 ferreum,
417 3998 489 4064 quod
502 3998 558 4050 tela
571 3998 695 4064 quadam,
712 3998 883 4064 potissimum
900 3998 1010 4059 sericea,
1023 3999 1063 4051 ita
1075 3999 1222 4064 obtegitur,

218 4069 249 4116 ut
260 4069 398 4117 umatum
409 4064 533 4131 quadam
546 4065 619 4118 inter
630 4080 742 4118 manum
754 4065 929 4118 attrectantis
937 4072 1020 4132 atque
1029 4065 1171 4119 metallum
1183 4066 1223 4118 in·

214 4129 303 4197 tersit,
315 4130 438 4198 alloquin
449 4146 548 4185 manns
560 4131 619 4184 lctn
631 4131 759 4185 electrico
769 4131 908 4186 feriretur.
