3150 5468
510 1224 985 1285 uoomnncnsmnmuun
1184 1213 1248 1284 199

244 1394 286 1464 ad
302 1415 377 1464 eam
392 1401 508 1463 nostro
523 1394 685 1465 beneficio
697 1396 960 1479 praestinandam
971 1396 1162 1480 permoveri
1172 1418 1247 1481 pos·

245 1504 297 1565 set
312 1532 353 1540 -
370 1517 441 1563 rem
457 1495 501 1563 illi
517 1496 743 1565 memorabo.”

331 1595 452 1678 Operae
466 1595 531 1663 illae
546 1595 634 1676 duae,
650 1595 732 1665 hero
748 1597 901 1666 Armand
916 1596 1185 1680 administrante,
1193 1597 1244 1667 in·

242 1698 378 1765 volnera
394 1695 435 1763 de
450 1696 558 1764 altera
572 1717 650 1764 arca
665 1696 825 1766 divellere
839 1705 1028 1781 coeperunt,
1042 1719 1152 1781 eaque
1162 1719 1242 1768 mox

241 1795 412 1866 denudata
428 1795 461 1863 in
478 1796 587 1864 medio
602 1796 724 1865 stabat.
747 1797 816 1866 lsta
840 1819 977 1880 quoque
1001 1804 1141 1881 aspectu
1164 1819 1243 1880 gra·

242 1897 369 1965 tissima
384 1904 457 1964 erat
473 1897 633 1978 supellex,
645 1905 798 1966 attamen
815 1897 917 1967 etiam
944 1898 1010 1967 mei
1034 1897 1121 1967 oculi
1144 1897 1242 1967 mini·

241 2021 295 2067 me
329 1998 427 2080 periti
454 1997 540 2066 hanc
564 1999 660 2067 alteri
681 1999 802 2082 oppido
825 1999 1014 2083 sequiorem
1037 2021 1110 2069 esse
1141 1999 1241 2070 facile

241 2108 494 2181 perspexerunt.

323 2199 492 2268 “Multum
508 2221 569 2267 nos
584 2199 766 2269 delectaret
781 2201 808 2270 si
824 2201 927 2270 herus
942 2199 1086 2283 Morgan
1101 2221 1177 2270 eam
1192 2199 1241 2270 vi·

240 2301 319 2369 dere
349 2301 481 2379 vellet‚”
512 2300 691 2369 subridens
728 2301 908 2383 respondet
944 2301 1049 2371 herus
1077 2301 1239 2371 Annand.

239 2402 346 2469 “Nolo
360 2401 569 2468 dissimulare
586 2423 649 2468 nos
663 2400 705 2469 de
720 2423 760 2469 eo
776 2402 842 2469 iam
858 2401 1002 2471 antehac
1016 2401 1183 2483 cogitasse
1197 2437 1240 2447 -

239 2501 316 2584 quis
330 2501 420 2569 enim
436 2501 636 2581 negotiator,
653 2522 756 2582 quam
772 2501 885 2583 aliqua
907 2523 944 2571 re
966 2501 1100 2570 insolita
1123 2501 1240 2584 pulch·

240 2624 344 2682 raque
360 2601 499 2682 potitur,
515 2599 548 2667 id
564 2622 632 2667 non
649 2601 791 2670 fecerit?
813 2601 935 2670 Enitar
949 2609 990 2670 ut
1005 2601 1036 2670 ei
1051 2601 1161 2670 sistat.
1186 2601 1239 2670 In·

238 2711 354 2769 terea.
372 2755 378 2767 .
395 2701 423 2766 .'’

322 2801 506 2878 “Interea’'
525 2801 699 2882 interpello
714 2824 788 2882 ego,
805 2801 903 2869 “arca
918 2809 978 2869 tua
994 2801 1076 2870 est.”

323 2902 423 2980 Tum,
448 2901 537 2969 edito
563 2900 659 2970 velut
683 2902 715 2968 in
738 2901 1008 2983 deprecationem
1032 2901 1097 2969 leni
1123 2908 1236 2983 gestu,

237 3024 322 3083 opus
346 3024 528 3081 {ingressus
554 3011 604 3070 est
629 3003 769 3069 alteram
793 3024 906 3070 arcam
932 3001 1115 3070 involucris
1137 3023 1237 3072 novae

236 3103 396 3170 detractis
422 3106 554 3170 summa
579 3105 660 3170 cura
682 3101 873 3171 obvolvere.
897 3102 1045 3171 Adstans
1070 3124 1138 3170 non
1164 3101 1236 3171 sine

236 3203 348 3270 dolore
367 3203 432 3269 vidi
449 3225 524 3270 enm
554 3202 724 3283 tegetibus
750 3202 826 3270 obdi
854 3201 1005 3282 rudibus,
1031 3202 1122 3284 quod
1147 3201 1236 3271 oculi

236 3305 299 3370 mei
317 3303 382 3369 iam
400 3303 481 3369 satis
503 3310 600 3369 erant
624 3302 698 3370 eius
721 3302 911 3370 venustatis
934 3302 1042 3383 gnari.
1065 3302 1235 3370 Praeterea

236 3425 368 3471 mecum
383 3403 506 3470 iterum
523 3403 755 3484 conquerebar
781 3402 872 3484 quod
896 3405 937 3472 ea
960 3401 1104 3483 sublata,
1124 3401 1234 3470 omnis

235 3527 311 3585 spes
327 3503 424 3570 nobis
437 3525 548 3570 causae
565 3503 684 3569 mortis
699 3502 841 3585 Philippi
858 3502 1004 3571 Vantine
1031 3501 1234 3583 indagandae

235 3605 372 3671 tollitur.
398 3603 495 3670 llatio
511 3624 585 3669 mea
602 3601 908 3684 quomodocunque
930 3602 1154 3684 repugnabat,
1178 3623 1234 3670 va·

234 3727 299 3783 qus
314 3726 367 3771 me
385 3703 564 3770 instinctus
579 3701 724 3781 urgebat
741 3710 780 3770 ut
795 3702 967 3770 crederem
993 3702 1092 3769 istam
1118 3722 1232 3770 arcam

236 3805 338 3872 lloulc'·
355 3802 603 3884 quodammodo
619 3803 756 3869 funesto
771 3824 811 3869 eo
827 3808 954 3869 eventu
970 3822 1092 3869 nexam
1107 3822 1189 3869 esse.

318 3905 404 3971 llrca
430 3903 576 3983 denique
602 3909 785 3969 convasata
810 3901 914 3982 stetit,
938 3907 1013 3969 tum
1043 3900 1147 3969 herus
1169 3900 1230 3968 Ar·

233 4004 334 4072 mand
350 4003 391 4071 ud
410 4025 462 4070 me
479 4023 598 4069 versus
614 4022 753 4069 manum
770 4000 921 4083 porrigit.

315 4103 492 4185 “Sperabo,
508 4102 596 4169 Here
614 4101 741 4181 Lester,
756 4100 928 4182 quondam
950 4101 1111 4169 futurum
1133 4106 1174 4169 ut
1195 4107 1231 4168 te

231 4206 355 4272 iterum
371 4203 600 4281 conveniam,”
616 4203 710 4269 fatur
725 4209 795 4270 tam
817 4201 969 4269 suaviter
992 4208 1032 4269 ut
1056 4221 1134 4269 eum
1159 4199 1233 4268 tore

231 4304 358 4372 adulari
377 4303 456 4369 mibi
474 4311 639 4384 putarem,
655 4301 710 4369 “et
727 4302 869 4384 priscam
892 4307 1096 4381 gratamque
1119 4298 1233 4367 amici·

231 4407 312 4472 tiam
339 4413 488 4471 nostram
514 4403 697 4470 refoveam.
720 4400 891 4482 Siquando
918 4399 1052 4468 Parisiis
1075 4420 1148 4466 esse
1170 4397 1231 4466 tibi

227 4504 419 4585 contigerit,
436 4502 532 4570 eade
549 4524 584 4570 re
601 4523 655 4570 me
670 4502 847 4570 certiorem
863 4502 976 4569 lacere
1000 4519 1043 4567 ne
1065 4497 1229 4581 graveris
