3150 5468
367 1279 532 1334 conum
548 1280 718 1335 urrunnu
734 1280 914 1336 eosrrcnu
930 1280 1036 1336 auur
1141 1267 1205 1336 221

288 1449 378 1517 “ista
404 1449 569 1532 colloquia
595 1450 660 1518 aiio
686 1471 822 1532 quoque
853 1449 953 1519 modo
983 1450 1061 1519 usui
1092 1451 1204 1530 sunt,”

204 1549 315 1631 pergit
331 1548 481 1631 Godfrey
498 1551 571 1618 fere
587 1571 648 1632 per
661 1550 853 1630 circuitum,
871 1549 970 1618 “nam
994 1572 1034 1619 ea
1054 1558 1089 1619 et
1111 1572 1206 1619 meas

204 1648 296 1717 ideas
312 1658 508 1730 repurgant.
525 1650 590 1718 Vix
606 1649 787 1718 credideris
801 1658 970 1731 quantum
986 1650 1081 1719 iuvet
1097 1671 1203 1732 quum

204 1771 318 1817 casum
336 1771 451 1817 meum
468 1750 528 1818 tibi
544 1770 705 1832 propono,
722 1757 761 1817 tu
777 1760 894 1818 autem
916 1758 1123 1832 argumenta
1145 1750 1206 1819 mi·

206 1849 238 1916 hi
254 1848 410 1917 obiectas.
444 1849 557 1931 Quum
586 1859 622 1918 tu
650 1848 915 1932 iurisprudentia
930 1851 975 1919 sis
990 1851 1204 1930 exercitatus,

205 1948 372 2016 contraria
398 1950 495 2017 facile
520 1949 752 2031 deprehendis,
783 1950 940 2031 quocirca
966 1949 1132 2019 difficilius
1153 1958 1204 2019 est

206 2049 414 2130 iurisperitus
430 2071 531 2131 quam
550 2050 703 2118 homines
717 2071 914 2119 communes
929 2072 1123 2133 coarguere.
1150 2050 1204 2119 Tu

205 2150 400 2231 experienti
417 2149 537 2218 doctus
561 2173 597 2217 es
622 2150 811 2218 evidentias
838 2151 1043 2232 ponderare;
1067 2150 1205 2234 proinde

206 2270 381 2331 nunquam
398 2250 470 2318 sino
494 2271 547 2317 me
573 2249 712 2319 theoriis
735 2251 898 2330 convinci,
920 2251 1025 2320 donec
1048 2260 1085 2319 tu
1109 2272 1129 2319 a
1151 2272 1205 2319 me

206 2349 317 2417 victus
332 2349 385 2416 sis.
409 2349 497 2431 Quin
514 2371 556 2417 ne
573 2357 654 2418 tunc
677 2349 814 2432 quidem
842 2352 1003 2432 semper,”
1028 2349 1206 2419 subridens

203 2449 332 2518 adiecit.

289 2549 416 2630 “Eupe,
432 2559 570 2631 gratum
585 2550 666 2617 mihi
694 2557 745 2618 est
772 2548 856 2617 scire
882 2569 937 2617 me
963 2548 1106 2618 subinde
1128 2550 1206 2618 usui

205 2651 308 2728 esse,”
326 2650 480 2731 respondi
497 2649 649 2718 “etiamsi
666 2671 722 2718 cos
737 2649 837 2718 modo
852 2650 925 2729 sirn,
952 2671 1020 2732 qua
1043 2650 1205 2718 iudicium

206 2760 304 2817 tuum
322 2771 475 2817 exacuas.
494 2749 637 2817 Prohinc
654 2750 737 2817 velis
754 2750 944 2831 procedere,
961 2751 1104 2832 plusque
1119 2771 1207 2817 sorn-

206 2849 307 2916 niare.
334 2849 390 2916 nic
407 2850 501 2917 mihi.
521 2850 626 2927 sodes,
644 2849 789 2930 primum
807 2848 913 2929 quiid
931 2849 1097 2917 evenisset
1114 2858 1154 2917 ut
1166 2858 1204 2917 tu

205 2959 239 3016 et
255 2948 444 3016 Simmonds
460 2948 609 3017 Annand
626 2949 905 3030 sequveremini.''

290 3050 410 3117 “liictu
428 3049 518 3117 haud
542 3049 691 3128 difficile;
715 3051 795 3130 quia
819 3049 926 3130 reperi
952 3071 1029 3117 eum
1055 3049 1205 3118 Annand

206 3172 271 3217 non
289 3172 370 3216 esse.
396 3149 488 3217 Felix
504 3149 655 3217 Armand
682 3149 743 3217 boc
767 3149 930 3230 temporis
952 3159 1123 3217 momento
1145 3149 1207 3217 Pa·

207 3249 291 3317 risiis
306 3258 368 3315 est.
391 3249 481 3316 Tute
497 3249 595 3316 nimis
610 3248 786 3317 credulum
804 3248 986 3330 praebuisti,
1005 3248 1152 3317 Lester.”

290 3349 371 3427 “Va,
388 3349 469 3429 quin
486 3349 565 3415 mihi
594 3348 725 3416 nulium
749 3349 892 3416 dubium
916 3348 1018 3416 subiit
1042 3371 1121 3417 eum
1144 3351 1206 3417 Ar·

206 3450 306 3517 mand
324 3471 390 3516 non
408 3450 510 3527 esse,”
527 3448 690 3516 balbutivi
707 3471 780 3527 ego.
813 3450 898 3531 “lpsi
924 3449 1013 3516 enim
1029 3449 1204 3531 cognitum

206 3559 278 3617 erat
295 3571 348 3616 me
365 3549 541 3616 remulcaie
557 3548 684 3616 misisse
706 3584 737 3591 -
758 3549 851 3616 novit
868 3557 902 3616 et
919 3570 1113 3630 responsum
1130 3570 1207 3617 cun·

207 3651 299 3717 sortii
318 3705 323 3715 .
343 3704 349 3715 .

292 3751 438 3830 “L'tiuue
455 3749 559 3827 novit,
576 3751 653 3830 quia
671 3749 849 3816 remulcale
862 3757 961 3816 tuum
977 3748 1019 3816 ad
1035 3758 1207 3817 consortes

208 3850 356 3918 Armand
384 3871 571 3930 nunquam,
597 3849 654 3916 sed
682 3850 724 3917 ad
751 3849 996 3916 conductitium
1023 3849 1206 3930 quemdam

208 3950 309 4017 huius
323 3950 500 4017 nebulonis
516 3950 690 4029 poree-niu
715 3970 912 4030 responsum
939 3957 1054 4016 autem
1079 3949 1133 4018 iiie
1156 3971 1207 4018 sa·

208 4052 303 4118 telles
330 4051 388 4116 ribi
416 4049 514 4117 misit.
539 4051 677 4117 Amicus
703 4058 818 4116 noster
844 4049 905 4116 iste
932 4049 1069 4129 ignotus
1087 4049 1205 4131 utique

209 4150 364 4232 praevidit
383 4152 538 4217 futurum
555 4157 593 4217 ut
609 4150 708 4217 simul
725 4158 828 4229 atque
843 4149 1017 4229 cognitum
1047 4158 1133 4217 esset
1156 4170 1207 4218 er·

209 4272 318 4319 rorem
335 4272 406 4316 esse
421 4251 645 4327 commissum,
656 4250 834 4317 remulcale
847 4248 888 4315 ad
902 4247 1052 4317 Armand
1065 4249 1204 4318 missurn

207 4351 256 4428 iri,
273 4360 307 4417 et
324 4349 510 4416 secundum
527 4349 559 4416 id
575 4349 696 4417 cavit.''

292 4451 403 4530 “Ergo
419 4457 456 4517 tu
474 4472 581 4531 usone
595 4448 826 4517 credisarcam
838 4449 991 4517 consulto
1003 4447 1107 4517 fuisse
1120 4448 1206 4518 Van-

209 4553 276 4620 tine
291 4552 436 4630 missam,
452 4572 518 4619 non
535 4570 615 4619 casu
626 4549 661 4617 ?”
