3150 5468
312 1215 375 1284 150
578 1231 788 1286 rarsrnmun
809 1232 918 1287 anca
940 1225 1058 1286 noma

390 1397 449 1467 “ld
465 1397 537 1467 lieri
549 1399 700 1481 potuisse
711 1421 779 1470 non
791 1399 1021 1482 negaverim‚’'
1032 1399 1218 1469 assentitur
1228 1399 1310 1482 ipsa,

308 1521 515 1581 quamquam
532 1500 602 1568 vidi
617 1522 693 1568 eam
708 1522 906 1583 persuasam
920 1521 988 1569 non
1003 1521 1086 1569 esse.

392 1599 527 1668 “Nihilo
543 1607 658 1668 tamen
674 1600 792 1681 secius,
820 1622 896 1670 mea
922 1599 1045 1682 Hera‚'’
1071 1601 1203 1683 appello
1223 1621 1310 1682 eam,

308 1697 490 1768 “evulsura
506 1699 668 1780 forulum,
684 1700 875 1769 adhibendo
896 1700 961 1769 isto
986 1700 1141 1770 manutio
1166 1699 1311 1784 propriae

310 1800 465 1868 consules
494 1799 626 1880 saluti,'’
649 1799 775 1881 quibus
800 1799 899 1869 dictis
924 1799 1119 1869 manutium
1140 1799 1305 1882 Godfrey,

323 1921 345 1966 n
373 1899 454 1967 sella
469 1898 661 1980 depositum
676 1899 721 1968 illi
737 1900 880 1983 porrexi.
903 1898 1016 1969 “Nihil
1041 1900 1165 1970 attinet
1190 1900 1310 1980 ullum,

312 1999 415 2067 etiarn
429 1999 619 2081 minimum,
631 2000 804 2068 incurrere
821 2000 1022 2082 periculum.
1045 2000 1123 2069 Sine
1139 1999 1308 2082 obsecro,”

310 2107 345 2168 et
360 2099 412 2167 his
423 2098 537 2168 verbis
552 2107 654 2168 rectae
669 2101 785 2168 manui
802 2101 875 2169 eius
890 2100 1084 2170 manutium
1099 2099 1228 2172 induxi.

392 2199 441 2267 Ea
458 2220 494 2267 re
510 2208 696 2282 occupatus
711 2200 826 2269 oculos
840 2222 935 2269 meos
949 2200 984 2269 in
1000 2199 1151 2284 Godfrey
1174 2199 1311 2271 conieci.

314 2300 388 2382 lpse
422 2299 479 2367 tali
506 2299 631 2368 obtutu
658 2300 817 2382 pascebat
842 2301 958 2369 oculos
980 2300 1015 2368 in
1041 2307 1198 2370 matrona
1222 2299 1314 2370 vela·

307 2408 344 2468 ta
373 2400 598 2481 stupefactus,
636 2407 675 2468 ut
704 2422 767 2482 ego
796 2400 974 2482 voluptate
1006 2401 1080 2468 fere
1115 2400 1311 2470 suffocarer.

308 2501 395 2568 Raro
432 2499 616 2568 admodum
646 2501 727 2568 mihi
757 2501 902 2583 contigit
932 2499 1134 2570 lacobellum
1161 2500 1312 2583 Godfrey

306 2599 507 2681 ambagibus
532 2608 671 2682 captum
697 2622 846 2682 cernere,
872 2599 931 2668 sed
955 2622 1045 2670 nunc
1068 2608 1161 2670 certe
1175 2601 1245 2671 ruit
1259 2622 1313 2670 ca·

309 2700 407 2782 ptus!

390 2800 546 2869 Matrona
562 2801 675 2870 velata
690 2801 882 2870 manutium
910 2822 979 2870 non
995 2801 1067 2870 sine
1083 2801 1153 2871 risu
1168 2801 1312 2886 excepit.

392 2900 556 2969 “Nuncne
573 2901 650 2970 licet
665 2902 746 2970 mihi
762 2902 915 2970 forulum
929 2901 1060 2985 aperire
1066 2902 1102 2972 ?’'
1116 2901 1248 2985 quaerit

391 3000 517 3082 “Licet
532 3023 609 3070 mea
623 3002 747 3070 Hera.”

391 3101 443 3169 Ad
459 3123 572 3170 arcam
594 3102 744 3183 accessit,
767 3123 822 3173 me
848 3109 884 3172 et
909 3101 1060 3185 Godtrey
1087 3101 1311 3173 adstantibus.

307 3202 460 3271 Tandem
475 3202 621 3284 denique
636 3202 848 3284 mysterium,
864 3202 956 3285 quod
972 3224 1034 3272 nos
1050 3201 1215 3273 hactenus
1229 3202 1314 3273 ludi·

310 3304 483 3382 beaverat,
499 3303 661 3371 solvetur.
684 3303 799 3385 Atque
815 3302 879 3372 hoc
894 3303 1056 3385 mysterio
1071 3304 1254 3386 patefacto,
1269 3302 1312 3373 ad

309 3403 411 3471 finem
438 3409 584 3483 vergent
609 3410 725 3471 nostra
751 3403 882 3484 poetica
903 3402 1063 3486 aeriaque
1078 3403 1218 3485 somnia,
1234 3423 1313 3487 quae

310 3526 372 3573 nos
387 3503 492 3571 tantis
507 3503 678 3572 laboribus
690 3503 797 3571 moliti
813 3524 958 3572 eramus.

393 3603 496 3685 Quasi
514 3625 574 3684 per
589 3603 789 3671 instinctum
805 3602 991 3672 fenestram
1014 3602 1204 3673 tabulatam
1220 3624 1315 3688 aspe-

308 3703 453 3783 ctabam,
470 3703 528 3771 sed
545 3704 696 3771 lunulam
712 3703 797 3772 lucis
812 3703 846 3772 in
861 3725 902 3772 ea
917 3703 999 3772 nihil
1014 3703 1249 3773 obumbrabat.

394 3804 527 3871 Interea
542 3809 698 3870 matrona
713 3805 826 3871 velata
840 3802 875 3871 in
889 3824 1004 3872 arcam
1031 3803 1216 3886 proclinata
1231 3802 1315 3887 digi-

308 3912 362 3972 tos
376 3925 448 3971 suae
464 3903 593 3972 dextrae
610 3925 713 3985 super
728 3924 863 3971 aeneum
879 3924 966 3985 opus
992 3903 1167 3973 musivum
1198 3904 1314 3974 lateris

310 4004 386 4071 laevi
403 4003 445 4071 ad
462 4003 674 4084 tangendum
689 4002 864 4085 disposuit.

395 4102 638 4183 “Aliquantum
664 4104 752 4171 male
777 4102 937 4171 dextrum
963 4102 1045 4172 mihi
1069 4104 1153 4186 est‚”
1175 4102 1224 4173 ait
1247 4103 1314 4173 illa·

310 4203 496 4284 “siquidem
513 4224 647 4284 semper
662 4203 749 4271 laeva
763 4224 869 4271 manu
885 4202 936 4271 uti
952 4204 1125 4273 consuevi.
1155 4203 1316 4274 Animad-

309 4303 433 4370 vertite
449 4324 503 4369 me
520 4302 630 4370 tribus
643 4302 678 4371 in
695 4303 775 4371 locis
789 4302 906 4384 digitis
921 4324 1087 4385 premere;
1104 4303 1146 4373 ad
1161 4303 1314 4374 forulum

308 4411 423 4472 tamen
439 4403 659 4484 aperiendum
677 4403 741 4470 ista
757 4404 829 4470 loca
843 4410 937 4472 certo
952 4403 986 4471 in
1002 4403 1119 4472 ordine
1137 4410 1219 4473 sunt
1240 4425 1314 4488 pre·

311 4503 434 4572 menda
450 4536 489 4547 -
506 4502 635 4585 primus
650 4503 723 4584 iste,
739 4501 817 4572 dein
833 4503 907 4584 iste,
923 4524 962 4572 ac
978 4502 1119 4573 tandem
1134 4503 1229 4573 iste.”
