3150 5468
696 1315 881 1380 erruomu
1228 1311 1290 1380 211

289 1502 383 1561 stans
408 1517 427 1562 e
454 1495 591 1564 decuria
617 1496 868 1577 speculatorum
893 1497 977 1576 est,''
1003 1517 1072 1578 quo
1095 1495 1186 1565 dicto
1208 1492 1293 1565 Sim·

290 1595 409 1663 monds
434 1618 534 1663 suum
562 1597 693 1676 insigne
719 1596 881 1665 exhibuit.
919 1596 1007 1664 “Res
1021 1595 1118 1664 nobis
1133 1595 1175 1664 ad
1191 1595 1292 1664 decu·

291 1696 374 1763 riam
392 1696 572 1764 referenda
588 1697 670 1775 est‚”
687 1697 798 1779 pergit
814 1696 975 1779 Godfrey,
1003 1695 1120 1778 “proin
1137 1695 1198 1764 tibi
1214 1716 1290 1764 sua·

290 1795 354 1862 deo
381 1806 419 1863 ut
447 1796 605 1864 mulieres
621 1805 700 1864 tuas
715 1797 749 1864 in
765 1797 911 1879 negotiis
926 1797 997 1865 suis
1010 1796 1194 1865 contineas
1211 1795 1289 1864 Nou

291 1897 379 1963 enim
396 1897 552 1965 existimo
568 1906 600 1964 te
617 1897 695 1965 huic
713 1897 758 1964 rei
776 1897 937 1979 implicari
953 1897 1071 1965 velle.”

374 2014 523 2093 “Absit''
539 2015 700 2082 continuo
716 2014 887 2096 respondit
899 2014 1043 2094 institor,
1060 2035 1099 2083 ac
1114 2013 1197 2082 dum
1208 2012 1292 2083 Sim·

292 2114 411 2181 monds
426 2115 468 2182 ad
485 2114 690 2182 edocendam
707 2115 877 2183 decuriam
894 2114 936 2183 ad
949 2113 1168 2197 telephonum
1184 2134 1293 2183 acces·

291 2215 344 2292 sit,
361 2214 494 2282 institor
509 2238 528 2282 e
544 2214 707 2283 sessibulo
723 2237 785 2283 suo
811 2215 992 2295 descendit,
1009 2214 1051 2283 ad
1068 2214 1226 2283 mulieres
1239 2235 1293 2283 ac·

290 2315 399 2394 cessit,
416 2338 542 2396 easque
558 2315 599 2382 ad
618 2315 733 2383 munia
750 2337 812 2383 sua
827 2314 959 2396 regredi
976 2314 1082 2383 iussit.

374 2433 524 2513 Godfrey
548 2432 682 2500 interim
698 2432 740 2500 ad
757 2454 810 2500 me
827 2433 967 2501 veniens
992 2453 1132 2501 manum
1148 2431 1291 2501 humero

291 2531 461 2612 imposuit,
479 2541 523 2610 et,

373 2632 454 2708 “Va
473 2633 620 2712 Lester‚’'
637 2632 756 2714 inquit,
773 2632 832 2701 “tu
848 2642 1024 2714 aspectum
1047 2632 1178 2714 praebes
1193 2631 1291 2715 quasi

291 2732 334 2797 sis
350 2732 381 2798 in
400 2733 558 2799 ultimis.”

373 2832 474 2899 “Sum
492 2832 650 2909 etenim‚''
668 2833 833 2914 respondi.
857 2832 950 2900 “Nisi
968 2855 1022 2901 res
1037 2832 1090 2901 hae
1115 2831 1217 2901 finem
1239 2854 1293 2901 ac·

290 2932 423 3011 cipiunt,
450 2933 604 3000 collabor.
635 2932 685 3000 Ne
713 2942 750 3000 tu
777 2933 911 3014 quidem
928 2933 1111 3002 admodum
1138 2931 1290 3001 floridam

292 3032 420 3112 prabos
437 3034 612 3113 speeiemff'

374 3150 466 3216 “Nee
484 3151 636 3230 proiecto
653 3150 764 3217 floreo.
803 3150 936 3218 Etenim
953 3150 1014 3218 sivi
1033 3158 1072 3219 ut
1087 3151 1141 3219 ille
1168 3149 1292 3219 nebulo

291 3248 459 3316 hominem
487 3272 598 3316 eoram
627 3273 680 3317 me
706 3250 872 3318 occideret
899 3286 938 3294 —
965 3251 1028 3319 sub
1052 3250 1156 3318 oculis
1172 3271 1292 3318 revera

292 3349 392 3415 meis!
411 3385 448 3391 -
466 3359 499 3416 et
517 3360 555 3416 ut
572 3350 732 3417 evaderet
744 3350 772 3417 !''

381 3448 448 3516 “Ut
461 3449 629 3517 hominem
642 3450 849 3519 occideret?”
861 3459 985 3532 repeto.
997 3449 1120 3518 “Aisne
1132 3449 1294 3518 revera'!”

375 3549 548 3616 ‘'Ascende
575 3550 607 3616 in
629 3572 702 3617 eam
719 3551 1017 3631 contignationem,
1043 3571 1212 3631 cemeque
1237 3548 1293 3618 de-

292 3658 401 3714 xtram
421 3649 557 3716 manum
584 3649 737 3716 cadveris
753 3650 796 3717 ibi
815 3650 983 3728 iacentiS‚'’
1008 3649 1157 3718 breviter
1185 3649 1291 3718 refert

296 3748 456 3828 tiodsrey,
475 3748 568 3816 “tum
585 3750 668 3816 scies
684 3750 765 3830 quid
783 3751 890 3818 dicam
905 3750 933 3817 !”

374 3864 521 3944 Stupens
538 3866 580 3930 ibi
597 3866 676 3943 sedi,
693 3888 754 3933 nec
771 3866 906 3933 credere
922 3866 1014 3948 quivi
1031 3888 1083 3934 me
1096 3875 1188 3935 recte
1199 3864 1292 3934 audi·

292 3965 398 4040 vissa
428 3987 487 4032 nee
504 3966 640 4032 credere
658 3966 811 4033 valetmm
829 3966 979 4047 Godfrey
994 3989 1033 4034 ea
1050 3967 1153 4034 verba
1170 3988 1290 4036 revera

293 4066 469 4143 protulisse
482 4120 487 4131 .
500 4119 507 4130 .
519 4119 526 4131 .
539 4088 677 4132 manum
694 4067 848 4134 dextram
866 4067 1009 4134 hominis
1020 4067 1084 4135 iilic
1096 4067 1253 4135 iacentis.
1265 4119 1291 4134 ..

294 4165 324 4230 id
344 4186 449 4231 unum
467 4175 601 4232 tantum
618 4166 806 4245 significare
824 4175 956 4248 poterat
972 4220 979 4233 .
997 4220 1004 4234 .
1023 4221 1030 4234 .

374 4282 565 4348 Simmonds
582 4292 680 4350 torvo
696 4283 764 4350 risu
781 4283 814 4351 in
832 4283 926 4351 labiis
952 4283 1048 4351 nobis
1068 4306 1103 4352 se
1126 4283 1292 4353 adiunxit

291 4382 347 4448 sed
365 4393 398 4448 et
416 4383 485 4463 ipse
503 4382 592 4449 haud
611 4405 731 4464 pamm
749 4405 932 4451 concussus
947 4383 1027 4451 mihi
1045 4383 1234 4453 videbatur.

374 4500 431 4565 “ln
452 4499 563 4579 tirady
581 4500 711 4578 incidi,”
729 4501 786 4579 ait,
810 4500 975 4581 “eumque
992 4500 1074 4581 quid
1091 4500 1143 4568 hic
1158 4501 1292 4570 accidis·

289 4609 350 4677 set,
367 4599 474 4667 docui.
493 4599 676 4681 Respondit
693 4623 728 4668 se
744 4600 888 4682 negotiis
903 4601 1002 4669 nimis
1018 4600 1196 4670 detentum
1210 4622 1290 4683 quo
