3128 5016
280 791 319 857 14
540 804 748 856 rrrsrsmuu
770 804 877 856 Anum
901 798 1018 856 BOULE

278 970 493 1040 decurionem
518 975 695 1052 agentum¹
713 993 732 1038 e
747 971 916 1039 declarato
932 970 1094 1052 Mysterio
1110 971 1280 1040 Maratho-

278 1071 353 1139 nico
369 1092 586 1152 agnoveram.
609 1071 639 1138 Α
654 1078 752 1153 tergo
767 1071 841 1139 eius
855 1070 969 1140 stabat
993 1070 1177 1153 Inquisitor
1193 1071 1280 1140 Mor-

278 1170 420 1251 tuarius,
437 1171 654 1253 Goldberger,
671 1192 773 1252 quern
789 1171 857 1239 iarn
872 1171 954 1239 alias
969 1170 1020 1239 bis
1034 1192 1259 1240 conveneram
1272 1195 1279 1252 ;

279 1271 401 1339 tertius
416 1279 543 1351 autern,
559 1271 617 1352 qui
634 1271 733 1340 vultu
756 1271 988 1352 quaerebundo
1003 1271 1037 1338 in
1053 1293 1108 1339 me
1124 1271 1281 1341 renidens

277 1369 437 1452 intrabat,
452 1371 519 1438 fuit
535 1370 677 1440 lacobus
691 1370 852 1452 Godfrey,
873 1370 1016 1453 genialis
1030 1371 1154 1439 relator
1167 1370 1281 1440 diurni

279 1471 420 1539 Record.
460 1470 613 1551 Denique
637 1479 780 1552 quartus
804 1471 900 1539 lictor
923 1478 997 1538 erat
1013 1470 1204 1552 paludatus,
1221 1473 1280 1554 qui

278 1568 371 1637 iussu
388 1569 580 1638 Simmonds
595 1570 637 1638 ad
652 1570 778 1638 ostium
792 1579 907 1640 custos
922 1570 1081 1638 constitit.

362 1669 445 1749 “lta,
462 1671 614 1749 revera‚''
636 1670 748 1751 inquit
771 1669 921 1751 Godfrey
953 1678 992 1738 ut
1021 1692 1144 1739 manus
1173 1671 1282 1740 tendi·

278 1789 364 1849 mus,
379 1768 480 1838 “casu
495 1791 574 1837 curn
590 1768 782 1838 Simmonds
797 1769 1020 1852 colloquebar,
1037 1792 1144 1851 quum
1171 1771 1280 1839 accitu

278 1868 506 1936 evocabamur
521 1877 592 1949 tuo,
608 1892 647 1937 ac
662 1869 786 1937 satium
802 1870 883 1938 duxi
900 1870 970 1951 ipse
992 1891 1129 1952 quoque
1145 1870 1282 1939 adveni·

281 1989 327 2035 re.
352 1968 522 2049 Quidnam
539 1969 586 2037 rei
602 1978 653 2037 est
661 1970 696 2038 ?'’

362 2067 483 2136 “Haud
500 2068 576 2150 plus
591 2069 740 2149 suicidio,
756 2069 790 2136 ni
806 2069 935 2150 fallor,”
959 2069 1173 2152 reseravique
1189 2070 1282 2139 fores

278 2166 312 2234 in
327 2169 485 2236 conclave
502 2168 675 2248 ducentes,
692 2169 750 2238 ubi
766 2169 912 2237 cadaver
928 2169 1067 2238 iacebat.

364 2266 564 2349 Simmonds,
581 2268 798 2350 Goldberger.
819 2269 1038 2351 Godireyque
1054 2269 1281 2339 intraverunt.

279 2367 354 2449 Ego
370 2375 509 2436 secutus
523 2369 615 2437 fores
629 2369 743 2437 clausi.

363 2466 475 2535 “Nihil
492 2468 544 2536 hic
561 2468 738 2536 turbatum
766 2470 848 2548 est,”
872 2491 993 2538 moneo
1009 2491 1075 2538 eos.
1107 2469 1283 2539 “Cadaver

278 2589 377 2635 nemo
393 2569 646 2636 contrectavit.”

361 2665 552 2736 Simmonds
577 2678 665 2737 nutu
693 2670 859 2751 probavit,
884 2692 922 2738 ac
946 2669 1224 2751 speculabundus
1247 2670 1281 2738 in

278 2767 428 2835 conclavi
444 2767 701 2850 circumspexit;
724 2769 782 2837 sed
799 2770 884 2838 oculi
900 2769 1062 2852 Godtrey,
1078 2778 1116 2838 ut
1132 2769 1284 2838 animad-

278 2865 376 2945 verti,
391 2867 425 2933 in
443 2867 577 2935 vultum
594 2868 768 2937 cadaveris
782 2877 880 2937 erant
896 2869 1004 2938 defixi.
1022 2869 1231 2951 Goldberger
1245 2891 1282 2937 se

279 2964 452 3047 ingenua
482 2967 614 3035 demisit
642 2969 737 3036 iuxta
760 2991 883 3051 corpus
906 2970 1042 3049 mortui,
1071 2968 1281 3051 inspectabat

279 3065 401 3143 oculos,
417 3074 451 3134 et
467 3067 583 3148 digitis
597 3090 738 3150 carpum
755 3069 879 3137 mortui
896 3070 1022 3138 laevum
1039 3068 1208 3152 palpabat.
1241 3069 1280 3137 ln

279 3164 381 3247 pedes
408 3175 552 3247 erectus,
578 3176 672 3236 stans
698 3168 873 3249 spectabat
896 3169 1052 3248 cadaver,
1075 3191 1140 3251 ego
1165 3176 1281 3238 autem

280 3265 393 3332 oculos
423 3265 496 3333 eius
527 3267 717 3347 comitatus,
747 3269 850 3336 situm
880 3269 1055 3338 cadaveris
1090 3268 1284 3337 accuratius

279 3362 458 3432 observavi
484 3387 586 3447 quam
614 3368 721 3448 primo
745 3368 922 3450 stringoris
947 3368 1122 3438 cadaveris
1151 3368 1283 3437 inventi

280 3473 463 3532 momentu.
771 3464 772 3469 ’

363 3563 498 3633 lacebat
515 3575 631 3635 autern
647 3567 794 3636 cadaver
805 3568 838 3636 in
863 3570 968 3637 latere
979 3569 1109 3650 dextro,
1124 3567 1284 3650 semipro·

280 3684 373 3742 num,
390 3663 511 3734 dextro
529 3666 664 3735 brachio
690 3668 754 3736 sub
781 3691 816 3736 se
839 3668 935 3750 flexo,
953 3670 1028 3738 leva
1043 3677 1161 3739 autem
1177 3689 1282 3736 manu

280 3763 313 3830 in
330 3763 492 3844 tabulato,
509 3788 612 3847 supra
627 3777 739 3849 caput,
766 3769 799 3836 in
825 3790 981 3850 pugnum
1005 3770 1132 3838 stricta.
1162 3767 1284 3837 Genua

380 3998 402 4047 1.
421 3995 549 4060 Apenas
581 4002 644 4046 sunt
659 3994 869 4060 speculatores,
886 3997 929 4048 vel
957 3996 1078 4056 curiosi,
1108 4014 1221 4063 quorum
1241 4005 1282 4051 est

279 4086 382 4130 secretu
402 4079 548 4130 malefacta
564 4078 700 4142 indagare,
715 4084 837 4144 retegere
850 4087 932 4146 atque
947 4083 1126 4146 compescere.
