3150 5468
712 2284 862 2354 CAPUT
883 2285 963 2354 XIV

671 2471 841 2536 Matrona
863 2471 997 2540 Velota.

418 2652 514 2722 Titos
535 2652 569 2719 in
597 2651 701 2720 rheda
724 2660 832 2722 erant.
856 2654 969 2723 Herus
990 2654 1213 2725 Homblower
1238 2661 1338 2738 tergo

335 2751 378 2821 ad
394 2774 501 2834 equos
515 2775 614 2821 verso
630 2753 780 2833 sedebat,
807 2753 886 2823 duae
911 2762 1027 2824 autem
1054 2755 1213 2824 mulieres
1234 2755 1296 2824 sibi
1318 2776 1338 2823 e

336 2853 473 2935 regione
489 2853 585 2921 sedes
600 2853 821 2936 occupabant.
845 2855 975 2923 Harum
990 2862 1137 2937 utraque
1152 2855 1250 2938 nigro
1264 2861 1339 2925 erat

337 2953 467 3034 induta,
483 2953 657 3036 spisseque
673 2955 796 3033 velata,
821 2955 980 3024 indicium
1008 2961 1122 3023 tamen
1149 2954 1337 3035 inerrabile,

338 3075 406 3137 quo
423 3061 578 3122 matrona
593 3062 629 3122 et
644 3054 764 3121 ancilla
779 3054 1036 3136 dignoscuntur,
1048 3076 1116 3124 non
1128 3055 1249 3124 defuit.
1266 3055 1338 3124 Hoc

338 3154 476 3236 quidem
492 3153 669 3222 discrimen
684 3153 857 3223 deelaratu
873 3155 1105 3224 difficillimum
1115 3162 1214 3237 esset,
1224 3163 1337 3226 tamen

336 3255 478 3324 exstitit.

420 3355 533 3423 Herus
547 3354 769 3423 Homblower
785 3355 924 3423 rhedam
940 3356 1125 3424 intrantem
1135 3363 1227 3425 retro
1238 3355 1272 3425 in
1284 3377 1339 3424 me

338 3455 523 3539 spectabat.

421 3555 612 3635 “Testem''
628 3556 748 3637 inquit,
765 3554 968 3638 “quemdam
983 3555 1244 3625 memoravisti.”

420 3655 516 3739 “ipse
532 3656 598 3724 iam
614 3656 703 3724 domi
720 3656 866 3725 Vantine
887 3656 971 3738 est,'’
997 3656 1151 3739 explicui,
1174 3656 1338 3740 iuxtaque

338 3778 418 3825 eum
433 3755 577 3825 consedi.

419 3856 503 3925 “Hic
527 3857 630 3924 herus
655 3857 774 3925 Lester
799 3858 882 3937 est,’'
906 3879 960 3925 me
983 3856 1105 3926 sistens
1119 3858 1216 3925 fatur
1230 3856 1340 3926 Horn-

338 3957 473 4037 blower,
489 3965 524 4025 et
540 3966 695 4025 matrona
711 3958 753 4025 ad
769 3958 851 4038 haec,
868 3979 972 4039 quarn
987 3958 1032 4026 illi
1057 3979 1099 4026 ex
1123 3957 1267 4027 adverso
1290 3979 1339 4026 se·

335 4057 483 4138 dentem,
499 4066 540 4126 ut
555 4058 725 4126 dominam
742 4059 856 4126 statim
880 4079 1100 4140 agnoveram,
1115 4064 1204 4127 nutu
1219 4058 1340 4141 capitis

337 4157 521 4240 respondit.

421 4257 524 4325 Nulla
540 4257 604 4325 alia
619 4256 723 4325 verba
739 4257 883 4326 fuerunt
909 4258 1049 4339 prolata.
1076 4257 1194 4327 Rheda
1219 4279 1340 4329 versus

335 4358 550 4428 Latamviam
566 4365 675 4438 vecta,
697 4358 763 4426 iter
778 4359 812 4426 in
840 4358 958 4426 eadem
985 4359 1043 4427 tali
1070 4359 1340 4442 prosequebatur

334 4459 516 4539 celeritate,
532 4458 624 4540 quali
646 4458 679 4525 in
702 4465 800 4527 tanta
820 4459 1017 4540 frequentia
1038 4458 1178 4541 provehi
1195 4466 1339 4542 poterat.

332 4558 481 4629 Subinde
511 4559 626 4628 oculos
655 4558 690 4627 in
714 4558 874 4628 mulieres
896 4558 993 4629 nobis
1016 4557 1177 4629 adversas
1197 4558 1335 4643 conieci,
