3150 5468
286 1233 307 1299 4
558 1242 1021 1300 ursrumuunncmoourn

287 1416 351 1484 teri
367 1437 408 1483 ex
424 1414 524 1484 corde
540 1437 662 1484 manus
677 1414 893 1484 tetendimus.
917 1416 964 1484 Ut
978 1423 1118 1498 aspectu
1134 1417 1206 1485 eius
1222 1438 1286 1499 ego

286 1514 487 1597 delectabar,
504 1515 550 1584 sic
564 1522 599 1585 et
613 1537 693 1585 cum
708 1537 784 1584 meo
796 1516 954 1598 gavisum
971 1538 1043 1584 esse
1068 1516 1223 1585 arbitror.
1245 1518 1287 1586 0-

287 1615 394 1699 ptima
408 1615 591 1685 videbatur
599 1616 650 1685 uti
660 1616 865 1698 valetudine,
882 1617 1018 1698 soleque
1034 1623 1108 1685 erat
1116 1638 1158 1685 ex
1168 1617 1287 1686 itinere

286 1724 460 1886 ustu‘s‘lter
474 1817 535 1886 tibi
551 1817 684 1887 salubre
699 1818 806 1887 fuisse
821 1818 931 1900 palam
946 1818 1029 1898 est‚’'
1044 1818 1196 1900 alloquor
1206 1837 1286 1888 cum

286 1939 360 2001 ego·
370 2016 470 2088 “Fuit
485 2018 674 2101 equidem,”
698 2019 884 2088 assentitur
907 2019 988 2102 ipse,
1004 2018 1203 2103 “nunquam
1219 2044 1288 2091 me·

285 2118 350 2187 lius
372 2119 474 2187 valui.
500 2119 630 2187 Verum
656 2119 787 2201 aocede,
814 2119 1064 2189 discumbentes
1078 2121 1287 2190 commodius

285 2240 436 2301 agemus
474 2218 536 2287 Est
559 2241 613 2287 res
635 2220 792 2301 quaedam
817 2221 931 2302 paullo
945 2220 1111 2301 nodosior,
1127 2243 1229 2301 uuam
1246 2229 1284 2290 tu

285 2340 346 2402 pro
361 2340 416 2387 me
431 2319 578 2387 enodare
593 2319 749 2401 poteris.”

299 2507 307 2518 ,
369 2437 449 2505 Post
464 2436 537 2505 haec
552 2458 631 2504 eum
646 2436 681 2505 in
697 2436 847 2505 studium
872 2457 974 2506 suum
995 2437 1176 2507 comitatus
1199 2461 1286 2520 sum,

285 2537 354 2618 ubi,
369 2559 473 2620 prope
489 2536 532 2604 ad
547 2536 710 2605 humilem
725 2538 922 2618 fenestram,
938 2537 1008 2605 duo
1022 2545 1120 2606 erant
1135 2539 1177 2607 ad
1193 2562 1286 2608 men-

284 2660 357 2707 sam
381 2637 557 2706 accubitus
580 2638 700 2720 parati.

368 2753 585 2823 “Merendam
601 2754 654 2824 hic
670 2755 853 2837 parandam
879 2754 1028 2835 curavi,”
1050 2777 1187 2824 causam
1203 2757 1286 2826 dum

284 2854 528 2925 discumbimus
553 2855 700 2924 Vantine
730 2855 883 2937 explicat,
911 2853 1024 2936 “quod
1050 2855 1141 2924 istud
1167 2879 1286 2927 revera

285 2957 395 3025 solum
411 2964 463 3024 est
479 2956 541 3024 hac
557 2956 591 3023 in
607 2955 707 3023 domo
721 2976 896 3024 amoenum
910 2954 1103 3024 cubiculum
1121 2956 1285 3025 relictum.

285 3055 358 3123 Nisi
384 3054 532 3123 fundum
553 3055 647 3123 illum
671 3054 872 3136 contiguum
898 3076 962 3136 ego
988 3055 1203 3137 possiderem,
1230 3057 1286 3125 do

283 3177 362 3224 mus
377 3155 449 3224 haec
464 3155 557 3223 nulla
580 3163 678 3223 esset.
712 3155 813 3223 Nunc
836 3154 1055 3237 nubiscaipia¹
1087 3157 1170 3224 satis
1194 3156 1286 3225 disti·

283 3277 365 3324 nere
391 3276 489 3337 queo,
516 3263 557 3323 ut
583 3254 725 3324 subinde
749 3255 867 3323 iubare
883 3257 960 3324 solis
980 3256 1050 3324 frui
1066 3257 1164 3324 nobis
1179 3251 1302 3326 liceat.'

284 3354 372 3439 Quin
388 3363 422 3424 et
447 3356 558 3424 colum
584 3377 721 3424 aereum
745 3356 868 3423 instrui
892 3356 1021 3429 curavi,
1050 3357 1287 3439 fenestrasque

283 3456 474 3539 geminatas
488 3455 523 3523 in
539 3454 702 3524 cubiculis
725 3455 767 3523 ad
792 3456 954 3537 strepitus
979 3456 1159 3536 arcendos;
1182 3467 1216 3526 et
1241 3459 1286 3528 sic

283 3563 360 3626 tuto
376 3556 486 3624 dicere
502 3577 589 3638 queo
606 3577 660 3623 me
675 3555 728 3624 hic
743 3577 959 3637 perseverare
975 3557 1104 3639 posse.''

366 3672 475 3742 “Satis
504 3673 654 3754 intelligo
684 3673 718 3741 in
749 3695 872 3741 novam
899 3673 1037 3742 domum
1063 3676 1286 3757 commigrare

283 3794 386 3855 quam
401 3773 599 3853 averseris,’'
616 3773 684 3840 dixi
700 3773 755 3841 illi.

365 3873 513 3942 Vantine
529 3881 630 3955 gestu
643 3873 824 3941 mimorum
841 3874 1033 3955 respondit:

366 3972 488 4041 “Nova
501 3972 583 4040 mihi
599 3973 720 4041 domus
736 3973 878 4041 ferenda
893 3995 961 4043 non
978 3982 1076 4043 esset.
1100 3975 1187 4045 Huic
1211 3999 1285 4045 sum

282 4081 456 4153 assuetus;
472 4072 530 4142 ubi
546 4073 695 4155 quidque
718 4073 808 4154 quod
830 4074 864 4140 in
887 4095 927 4142 ea
949 4074 1001 4154 sit,
1023 4083 1144 4145 notum
1161 4076 1286 4165 habeo;

283 4195 447 4258 quorsum
463 4194 518 4241 me
532 4173 567 4241 in
583 4194 623 4241 ea
637 4181 782 4254 vertam,
798 4174 874 4241 scio.
898 4173 960 4243 Hic
983 4197 1037 4244 me
1060 4177 1206 4246 crevisse
1228 4199 1286 4246 no-

384 4377 407 4426 1.
425 4371 557 4426 AEdificia
570 4374 649 4432 celsa,
671 4375 796 4425 vicenum
823 4375 1013 4441 tricenumque
1038 4377 1287 4442 contignationum,

282 4457 316 4511 ab
329 4458 499 4511 Americanis
512 4474 559 4523 per
573 4457 662 4509 iocum
678 4458 875 4523 “coeliscalpia”
887 4460 1053 4518 vocitantur,
1066 4460 1152 4520 nobis,
1164 4461 1287 4526 exemplo

282 4540 413 4594 Tittnum
427 4541 523 4600 doctis,
535 4541 651 4593 sufficiat
666 4542 758 4593 eadem
772 4539 960 4608 nubiscaipio
974 4543 1119 4608 appellare.
