3128 5016
279 731 322 798 26
542 745 752 798 ursrsruun
774 745 881 797 nncAE
903 737 1020 796 souin

280 915 330 996 tii,
345 914 512 993 cultellus,
541 913 757 982 semivacuus
772 913 956 982 sacciculus
970 911 1161 980 nicotianae¹
1178 910 1205 978 F
1206 932 1282 979 ran-

279 1015 369 1094 cicae,
394 1014 544 1097 pugillus
568 1012 801 1083 chartularum
827 1034 888 1095 pro
904 1012 1081 1092 volvellis,²
1103 1019 1282 1093 quatemae

280 1121 342 1183 aut
358 1114 472 1196 quinae
486 1115 600 1182 claves
615 1113 649 1182 in
664 1114 802 1195 annulo,
830 1113 1016 1182 mucinium
1044 1111 1220 1190 sericeum,
1242 1132 1281 1179 ac

280 1215 429 1283 fortasse
445 1214 521 1282 aliae
536 1235 650 1296 nugae,
666 1235 812 1296 quarum
829 1212 992 1281 memoria
1008 1212 1089 1280 mihi
1104 1211 1171 1279 iam
1195 1210 1282 1279 exci-

280 1314 330 1383 dit
346 1350 385 1356 ·-
402 1313 460 1382 sed
476 1335 615 1396 prorsus
630 1313 724 1381 nulla
740 1334 803 1393 res,
820 1313 896 1395 quis
911 1313 981 1395 ipse
998 1312 1130 1392 fuisset,
1147 1333 1210 1379 nos
1225 1311 1282 1379 do

279 1436 356 1483 cere
371 1427 494 1497 posset.

365 1514 667 1583 “Remulcandum3
683 1514 797 1595 itaque
813 1513 910 1581 nobis
924 1513 1071 1581 Parisios
1094 1512 1190 1592 erit,”
1214 1534 1283 1580 mo·

280 1623 338 1683 net
355 1613 556 1683 Simmonds.
580 1612 690 1681 “Nam
707 1612 760 1681 ille
778 1613 929 1681 Francus
951 1621 1003 1680 est
1025 1614 1113 1681 citra
1139 1611 1281 1680 dubium

280 1750 320 1758 —
337 1714 369 1782 id
385 1715 475 1782 enim
492 1715 546 1782 vel
563 1713 750 1781 mucinium
767 1713 932 1781 sericeum
949 1712 1102 1794 probat.”

364 1814 448 1894 “Sic,
479 1836 558 1883 sane
586 1813 732 1894 -quin
760 1822 795 1880 et
822 1835 883 1881 sua
909 1812 1017 1880 amica
1040 1811 1128 1880 idem
1144 1812 1281 1880 demon·

281 1915 398 1994 strat,”
414 1915 461 1982 ait
478 1914 639 1994 Godfrey.

364 2014 491 2096 “Quidl
507 2034 568 2081 sua
583 2013 733 2082 amica?'’

364 2115 402 2182 ln
434 2135 633 2195 responsum
661 2112 812 2194 Godfrey
845 2120 994 2180 ostentat
1026 2112 1283 2194 horologiolum,

281 2214 371 2296 quod
389 2214 587 2282 rimabatur.
610 2214 803 2294 Aperuerat
819 2213 944 2280 etenim
962 2211 1054 2292 illud,
1070 2222 1105 2280 et
1132 2212 1166 2280 in
1194 2212 1282 2281 facie

280 2315 427 2396 capsula
443 2313 593 2382 interiori
610 2312 756 2394 effigiem
773 2312 901 2395 reperit
917 2312 1220 2394 photographicam
1242 2348 1282 2355 -

280 2413 427 2496 effigiem
443 2414 660 2494 muliercula,
677 2413 784 2495 nigris
799 2413 990 2495 patulisque
1014 2413 1129 2493 oculis,
1156 2412 1284 2480 labellis

280 2514 502 2596 spissioribus,
519 2514 688 2594 vultuque
704 2521 806 2580 ovato
822 2549 850 2555 -
878 2521 912 2580 et
928 2513 1047 2582 vultus
1058 2515 1183 2581 natura
1198 2511 1283 2580 adeo

282 2614 463 2682 Francicus
479 2621 563 2693 erat,
580 2622 621 2681 ut
636 2613 719 2681 nulli
735 2613 841 2680 errori
858 2612 999 2681 daretur
1013 2613 1116 2680 locus.

365 2712 550 2782 “Ancillam
568 2712 710 2781 dixerim
725 2712 868 2781 alicuius
892 2712 1090 2791 matronae,”
1119 2711 1284 2794 interpre-

280 2823 376 2882 tatur
391 2813 553 2895 Godfrey,
569 2811 681 2894 effigie
698 2813 823 2880 iterum
839 2812 1000 2894 inspecta.
1013 2810 1161 2881 “Scitula
1176 2818 1212 2879 et
1227 2832 1285 2880 ve·

279 2914 419 2982 nustula
449 2912 630 2995 quondam,
668 2913 725 2980 sed
763 2912 906 2994 primam
941 2912 1157 2980 iuventutem
1183 2911 1284 2993 longe

280 3035 425 3096 egressa,
441 3013 634 3082 consultum
650 3012 788 3080 videtur
803 3012 968 3081 iudicasse
999 3011 1147 3093 aliquem
1170 3011 1285 3081 virum

281 3114 391 3193 beare,
407 3121 499 3182 statu
516 3134 552 3181 se
568 3112 764 3181 inferiorem
778 3149 815 3156 -
827 3113 909 3195 quin
920 3120 955 3180 et
971 3134 1038 3181 ere
1050 3134 1112 3181 sua
1125 3111 1285 3180 familiari

280 3214 427 3283 eundem
444 3213 628 3292 suffulcire,
644 3220 683 3281 ut
700 3235 778 3280 eum
795 3213 856 3281 sibi
873 3213 1069 3281 devinciret.
1086 3211 1168 3281 Esse
1179 3211 1285 3294 igitur

282 3314 420 3382 videtur
436 3313 635 3382 muliercula
650 3335 729 3381 cum
747 3313 819 3380 vita
838 3312 1014 3394 multiplici
1040 3320 1208 3391 anteacta,
1231 3312 1247 3380 f
1272 3351 1286 3363 ·

282 3417 362 3484 tura
378 3415 502 3482 nulli.”

383 3617 404 3665 1.
423 3615 451 3665 ld
465 3614 535 3679 quod
548 3614 631 3677 vulgo
645 3611 793 3664 labacrum
814 3620 936 3665 vocatur.

381 3684 405 3733 2.
423 3679 473 3731 Vol
477 3678 549 3731 uella
563 3681 740 3732 convolutum
754 3681 926 3732 chartaceum
940 3687 989 3736 est.
1018 3680 1070 3730 uod
1086 3679 1225 3731 nicotiunl
1235 3695 1286 3731 οε-

280 3697 1286 3812 etreferetumfumatorumpraesertimiuveniliumlelectamentumest.

380 3832 406 3882 3.
429 3828 612 3890 Remulcum,
633 3831 742 3888 rectius.
770 3828 946 3894 rpmnlcum.
968 3830 1040 3880 idem
1058 3836 1140 3895 atque
1153 3828 1216 3887 όνα,
1232 3828 1284 3881 hoc

281 3906 333 3957 est,
348 3898 424 3950 lunis
437 3897 575 3948 vectorius
588 3897 702 3956 navalis,
727 3897 771 3947 hic
790 3904 890 3954 autem,
903 3897 981 3948 funis
993 3896 1195 3961 telegmphicus
1207 3896 1284 3948 subu·

280 3981 409 4032 pusaeus:
423 3965 542 4016 remulco
548 3979 587 4023 re,
603 3964 714 4015 verbum
730 3964 793 4015 inde
806 3964 960 4019 deductum,
974 3962 1024 4015 sub
1033 3963 1102 4015 mari
1115 3963 1282 4028 telegnphe-

280 4048 323 4083 mn
337 4033 456 4083 mittere.
471 4032 630 4082 Institutum
644 4031 774 4082 Romanis
789 4031 923 4094 ignotum.
934 4031 1046 4082 verbum
1062 4037 1167 4082 notum.
