3150 5468
349 1205 410 1274 192
618 1222 827 1276 ursrnruun
848 1223 956 1276 unca
977 1215 1095 1277 nourr

352 1389 456 1470 sortii,
483 1397 604 1471 estque
630 1389 683 1457 vir
709 1389 866 1458 omnibus
896 1390 1049 1458 numeris
1072 1389 1353 1470 absolutissimus,

352 1510 455 1571 quem
471 1511 624 1571 unquam
640 1490 720 1558 mihi
737 1491 934 1559 convenisse
950 1491 1123 1572 contigit.’'

424 1604 606 1674 “Libenter
622 1629 701 1675 eum
717 1607 965 1687 convenirem,'’
981 1607 1029 1675 ait
1044 1607 1196 1688 Godrrey
1212 1606 1357 1688 peculia·

352 1706 379 1774 ri
403 1707 503 1774 modo
526 1707 713 1775 subridens.
737 1706 960 1789 “Aliquando,
990 1708 1154 1788 fortasse3
1187 1707 1236 1775 ita
1257 1728 1356 1788 spero

349 1806 495 1887 quidem.
524 1807 670 1889 Quinam
697 1815 823 1888 autem,
850 1807 896 1875 mi
923 1807 1052 1888 Lester,
1077 1828 1227 1875 errorem
1250 1808 1355 1889 expli·

350 1905 466 1974 cuit?''

434 2022 613 2102 “Quodam
629 2023 729 2092 modo
743 2045 857 2092 arcam
884 2022 1104 2105 impropriam
1121 2024 1270 2092 Vantine
1296 2023 1358 2091 mi-

350 2130 479 2191 serunt.
496 2125 637 2205 Propria
651 2147 726 2193 cras
740 2146 801 2206 per
812 2128 866 2192 Lo
882 2127 1052 2192 Provence
1067 2124 1227 2192 adveniet
1237 2125 1266 2203 ;’'
1278 2131 1356 2192 tum

351 2223 490 2291 recitavi
507 2232 670 2292 eventum
686 2247 728 2292 ex
743 2224 871 2305 ordine,
888 2232 928 2292 ut
944 2224 1037 2291 Felix
1064 2224 1216 2292 Armand
1241 2246 1357 2291 narra·

349 2330 458 2392 verat.
492 2322 589 2404 “lpse
616 2324 800 2392 admodum
823 2323 892 2392 fuit
918 2323 1023 2391 deca
1046 2346 1082 2392 re
1097 2323 1355 2404 conturbatus,”

349 2423 472 2492 addidi.
496 2422 699 2492 “Excusatio
715 2446 777 2492 sua
792 2424 861 2492 fuit
876 2425 949 2492 fere
971 2423 1228 2492 abiectissima.”

433 2540 516 2608 Haec
530 2541 643 2608 omnia
659 2540 811 2622 Godfrey
826 2540 1073 2609 intentissimus
1083 2540 1225 2621 audivit,
1237 2539 1355 2608 rebus·

351 2663 418 2722 que
433 2640 580 2708 narratis
594 2641 725 2709 annuit.

432 2756 579 2825 “Totum
594 2757 627 2825 id
644 2779 809 2840 perquam
825 2757 980 2838 mirum,''
997 2757 1112 2826 subdit
1128 2765 1168 2825 ut
1182 2757 1350 2839 interpre-

350 2864 552 2926 tamentum.
581 2856 690 2926 “Casu
715 2857 962 2926 memoravitne
989 2857 1093 2926 herus
1118 2857 1270 2926 Armand
1293 2858 1353 2926 ubi

349 2979 441 3025 nune
456 2965 649 3025 moraretur
661 2958 693 3019 ?''

433 3072 486 3140 “N
489 3096 532 3141 on
548 3074 768 3154 memoravit;
786 3074 844 3141 sed
860 3074 887 3141 si
904 3096 982 3141 eum
995 3074 1142 3155 reperire
1154 3073 1248 3154 velis,
1260 3073 1352 3141 haud

349 3174 414 3242 erit
429 3173 571 3242 difficile.
595 3175 633 3241 ln
649 3195 718 3241 uno
734 3175 788 3241 vel
804 3175 910 3241 altero
922 3173 1185 3241 diversoriorum
1198 3173 1355 3254 grandio

350 3296 426 3341 rurn
446 3310 483 3316 -
499 3281 540 3342 ut
555 3276 707 3355 suspicor
723 3274 757 3340 in
774 3274 882 3354 Plaza,
894 3280 955 3341 aut
967 3272 1014 3341 St.
1028 3273 1139 3354 Regis,
1150 3273 1352 3341 diversatur.

310 3396 313 3401 ’
350 3374 429 3442 Le0¹
447 3395 610 3455 perquam
625 3380 687 3454 est,
703 3373 885 3455 quominus
901 3374 935 3440 in
951 3373 1098 3441 stabulo²
1113 3372 1276 3441 tenuioris
1287 3394 1356 3440 sor·

350 3476 394 3543 tis
410 3496 446 3542 se
461 3474 642 3542 divertat.”

451 3691 473 3740 l.
492 3688 558 3750 Leo,
580 3688 650 3750 mis,
668 3688 784 3753 sequiori
799 3688 952 3739 Latinitate
965 3687 1098 3739 “militem
1112 3688 1286 3752 gloriosum,”
1310 3688 1355 3739 hc-

348 3773 422 3807 roem
434 3757 598 3820 putativum,
611 3757 712 3806 idolum
726 3756 954 3815 muliercularum,
978 3755 1135 3806 “hominem
1149 3756 1275 3814 bellurn,”
1288 3762 1356 3807 tros·

348 3825 446 3881 sulum,
459 3824 588 3881 catulum,
603 3824 780 3873 catulastrum
795 3823 942 3886 significat,
960 3823 1006 3887 qui
1027 3829 1075 3873 aut
1092 3823 1144 3874 sibi
1157 3823 1214 3887 ipse
1237 3823 1354 3873 nimium

348 3891 452 3947 tribuit,
465 3896 513 3941 aut
527 3891 625 3953 vulgus
637 3906 698 3940 eum
713 3889 829 3949 extollit,
843 3895 890 3940 aut
904 3890 987 3957 etiam
1000 3890 1047 3954 qui
1065 3890 1200 3954 singulari
1219 3891 1353 3941 virilitate

348 3972 441 4008 revera
454 3958 547 4021 pollet,
561 3965 592 4008 ut
605 3957 649 4008 bic
664 3957 805 4020 accipitur.

448 4043 472 4091 2.
490 4038 654 4099 Stabulum,
673 4037 705 4098 -i,
723 4040 797 4090 locus
810 4039 855 4089 ubi
869 4038 930 4103 quis
943 4041 1012 4098 etot,
1030 4044 1160 4098 moratur,
1174 4045 1222 4090 aut
1235 4039 1351 4098 habitat,

348 4107 445 4157 saltem
458 4123 504 4170 pro
519 4114 648 4170 tempore.
667 4106 857 4170 Nescioquam
872 4107 905 4156 ob
920 4122 1028 4157 causam
1044 4105 1229 4170 lexicographi
1245 4108 1354 4158 Germa-

349 4175 403 4224 nici
416 4174 547 4224 simulent
561 4173 693 4224 vocabulo
708 4173 759 4223 boc
774 4174 957 4223 iumentorum
981 4173 1130 4237 (equorum,
1152 4174 1241 4232 bourn,
1263 4174 1351 4223 asino-

347 4257 415 4299 rum,
428 4241 573 4296 mulorum)
587 4241 744 4290 habitacula
763 4256 817 4289 non
839 4239 984 4303 designari,
1006 4238 1103 4289 saltem
1117 4256 1177 4290 eum
1193 4256 1302 4290 sensum
1321 4240 1354 4290 si·

348 4307 433 4358 lentio
448 4314 581 4371 premunt,
607 4324 656 4357 nec
679 4307 732 4357 nisi
758 4307 861 4357 insulas
883 4322 914 4356 ac
940 4306 1088 4356 diversoria
1107 4306 1257 4365 bominum,
1273 4306 1352 4357 nidos

346 4375 447 4433 avium,
462 4375 544 4425 cellas
557 4375 648 4438 apium
663 4392 693 4424 eo
707 4373 855 4435 significari
879 4373 1047 4431 insimulent,
1061 4389 1144 4437 quum
1155 4379 1245 4424 tamen
1258 4373 1285 4423 id
1296 4373 1353 4423 Vir-

346 4442 429 4506 gilius
444 4443 471 4491 in
487 4442 627 4503 Georgicis
638 4441 774 4492 adhibeat.
790 4441 847 4498 Hic,
862 4439 963 4504 utique,
978 4440 1010 4490 de
1029 4440 1149 4491 humana
1171 4440 1351 4498 habitatione,

347 4509 405 4560 sive
419 4502 589 4568 diversorio,
602 4509 746 4573 accipitur.
