3128 5016
278 719 320 788 66
537 737 748 790 nrsrannm
770 738 877 792 anca
898 733 1016 793 noum

278 903 396 973 locata.
419 904 488 973 lllic
503 927 544 974 ea
559 905 672 975 stabat
687 906 822 976 radians
846 929 908 976 sua
934 908 1108 991 arroganti
1133 908 1278 991 pulchri·

279 1003 408 1084 tudine,
424 1027 563 1087 prorsus
576 1028 631 1075 res
646 1028 756 1088 perse
772 1007 851 1076 sola.

364 1121 527 1204 Quisnam
553 1122 674 1192 adiunt
699 1123 846 1194 Vantine
869 1125 903 1193 in
930 1148 1009 1194 eum
1036 1126 1147 1195 locum
1164 1147 1277 1195 arcam

279 1221 471 1290 movendo?
487 1222 682 1304 quaerebam
698 1224 741 1292 ab
757 1225 829 1306 ipso
844 1247 897 1293 me
913 1226 1065 1294 miratus.
1083 1227 1155 1294 Nec
1171 1225 1279 1294 Parks

277 1342 339 1390 nec
356 1321 484 1403 Rogers
500 1332 732 1392 memorarunt
748 1347 784 1394 se
798 1325 831 1394 id
847 1326 976 1394 fecisse.
1014 1326 1101 1394 Hinc
1116 1348 1170 1394 me
1187 1334 1278 1394 retro

278 1420 312 1489 in
328 1423 486 1491 conclave
502 1423 664 1492 converti.

362 1539 492 1621 Rogers
506 1562 615 1623 usque
630 1541 664 1610 in
680 1542 761 1610 sella
776 1542 915 1611 sedebat
929 1550 1125 1612 contractus
1140 1551 1174 1612 et
1185 1565 1279 1625 pror·

279 1660 354 1707 sum
370 1640 544 1722 inclinans,
561 1642 661 1711 vultu
676 1643 796 1724 palmis
811 1643 956 1725 obtecto,
973 1651 1007 1712 et
1022 1666 1129 1725 quum
1146 1665 1226 1712 eum
1242 1643 1277 1712 in

278 1738 421 1808 humero
437 1741 617 1810 attrectavi
643 1764 786 1811 nervoso
812 1750 908 1812 motu
934 1766 1013 1813 eum
1036 1744 1278 1813 contremuisse

279 1839 377 1908 sensi.

363 1939 424 2020 “0‚
440 1948 523 2010 tune
538 1942 567 2010 is
582 1964 627 2024 es,
642 1943 688 2011 mi
705 1942 795 2012 Here
809 1943 973 2013 Lester?”
990 1944 1113 2026 quaerit
1139 1945 1279 2026 profun-

278 2041 322 2109 do
337 2041 467 2123 spiritu.
483 2041 644 2122 “Ignosce
659 2043 752 2124 mihi,
765 2043 833 2112 iam
849 2066 912 2112 nec
927 2066 1003 2113 sum
1019 2046 1090 2126 ipse
1105 2045 1200 2126 ego.”

362 2157 584 2241 “perspicio’'
609 2160 765 2242 respondi
792 2160 838 2229 illi
864 2161 993 2242 leniter,
1024 2161 1176 2230 animum
1206 2160 1279 2229 eius

279 2257 482 2340 demulcens,
499 2258 580 2328 “nec
596 2261 708 2328 miror.
731 2261 892 2343 Quaerere
908 2267 1043 2330 tantum
1067 2260 1221 2329 volebam
1238 2295 1278 2304 -

279 2364 363 2426 tune
386 2359 489 2427 ullam
516 2361 755 2442 supellectilem
778 2360 813 2429 in
839 2382 879 2429 eo
904 2361 1059 2430 cubiculo
1073 2382 1212 2429 movere
1229 2360 1280 2429 iu·

279 2457 358 2526 visti
370 2458 407 2526 ?'’

363 2557 482 2627 “Anne
497 2580 634 2628 movere
650 2560 805 2640 iuverim,
821 2559 867 2628 mi
883 2559 1018 2628 Here?”

363 2656 519 2727 “Mutare
534 2658 671 2729 scillicet
685 2661 796 2729 locum
812 2659 874 2729 hoc
900 2659 1152 2742 postmeridiem
1178 2659 1280 2728 ullius

280 2759 495 2841 supellectilis
503 2759 539 2828 ?'’

364 2875 462 2945 “Non
488 2898 568 2959 ego;
591 2899 634 2946 ne
661 2879 764 2947 ullam
791 2877 929 2960 quidem
955 2899 1073 2946 earum
1090 2898 1215 2955 rerum,
1233 2877 1279 2945 mi

280 2975 381 3056 Here,
397 2977 610 3046 attrectavi.''
845 2986 848 2993 '

363 3094 475 3163 “Bene
491 3095 597 3176 igitur
612 3095 694 3175 est,'’
711 3094 876 3177 respondi,
893 3076 1052 3176 retroque
1074 3094 1107 3162 in
1133 3094 1279 3162 alterum

278 3202 395 3262 vertor
410 3194 614 3263 cubiculum.

363 3312 509 3379 Vantine
524 3311 605 3378 mihi
621 3312 690 3392 ipse
720 3312 922 3380 memoravit
946 3333 980 3379 se
1008 3311 1117 3392 primo
1143 3333 1279 3393 quoque

279 3419 432 3494 tempore
448 3421 638 3493 opportuno
653 3433 766 3479 arcam
783 3413 1038 3494 exploraturum
1061 3410 1103 3478 ad
1130 3411 1281 3479 minutas

279 3520 410 3595 partes;
433 3511 569 3579 memini
593 3511 695 3580 etiam
718 3512 1004 3593 quemadmodum
1032 3511 1117 3579 oculi
1145 3511 1205 3579 sibi
1228 3532 1280 3578 ar·

279 3635 353 3682 cam
369 3612 573 3693 aspectando
588 3612 817 3691 refulsissent;
855 3611 1141 3693 quemadmodum
1157 3633 1280 3679 manus

279 3712 340 3782 sibi
367 3733 453 3794 opus
477 3712 649 3780 musivum
672 3712 850 3780 mulcendo
874 3711 1100 3779 tremuissent.
1139 3711 1278 3778 Nullum

279 3812 386 3895 igitur
400 3833 472 3880 esse
488 3819 599 3893 potest
612 3811 753 3880 dubium
765 3812 846 3894 quin
859 3811 937 3880 huic
959 3810 1179 3891 explorationi
1206 3811 1281 3878 fue-

280 3913 323 3982 rit
339 3913 491 3980 intentus
506 3933 612 3993 quum
628 3911 809 3979 clamorem
827 3911 977 3980 mulieris
1000 3910 1179 3988 audiverit,
1195 3911 1279 3978 etin

280 4011 457 4091 ambitum,
472 4010 552 4093 quid
569 4011 614 4079 ibi
629 4019 791 4093 ageretur
805 4020 1027 4092 compertum,
1042 4010 1195 4078 exiverit.
