3128 5016
323 704 386 774 122
589 717 798 774 manarunt
819 719 927 774 anca
947 714 1065 774 soum

321 887 516 972 oportebat;
545 887 622 957 hinc
646 909 726 957 eum
750 887 870 971 spiritu
900 910 1063 972 suspenso
1086 887 1324 972 prosequebar.

320 987 429 1058 Semel
445 987 624 1057 dumtaxat
638 988 872 1057 existimabam
887 1010 968 1058 eum
982 989 1145 1072 reperisse
1160 989 1323 1070 forulum,

320 1087 485 1171 particula
499 1087 589 1156 enim
604 1087 710 1157 crusti
730 1087 871 1157 alatere
892 1109 980 1157 arcae
1003 1088 1187 1172 paucillum
1210 1088 1324 1172 digitis

319 1186 438 1257 cedere
453 1186 651 1269 videbatur;
666 1187 799 1257 nullum
815 1195 929 1257 tamen
944 1188 1115 1258 occultum
1125 1188 1323 1272 choragium

320 1293 542 1356 attrectatum
557 1294 626 1369 est;
647 1286 763 1356 nullus
778 1287 912 1357 fomlus
926 1287 1057 1372 proruit
1072 1295 1229 1370 apertus;
1250 1287 1325 1357 nul·

319 1387 346 1456 li
363 1386 483 1456 dentes
497 1387 656 1456 venenati
671 1394 911 1470 proruperunt.

404 1502 543 1584 “Hem’'
566 1503 663 1572 fatur
686 1501 841 1597 denique,
856 1503 1006 1586 Godfrey
1029 1504 1178 1574 residens
1202 1504 1235 1573 in
1260 1525 1324 1574 sua

319 1603 409 1685 sella,
425 1603 642 1685 frontemque
656 1603 781 1672 iterum
796 1603 964 1685 tersitans,
980 1603 1136 1673 “tantum
1147 1604 1263 1687 itaque
1274 1605 1325 1673 et·

320 1702 396 1773 feci.
418 1702 451 1773 si
468 1702 558 1772 ullus
572 1701 606 1770 in
622 1701 690 1771 ima
704 1724 782 1771 arca
796 1703 930 1772 forulus
944 1703 1098 1773 occultus
1112 1711 1174 1785 est,
1188 1703 1218 1772 is
1230 1711 1323 1773 certe

320 1802 545 1873 efficacissime
560 1810 612 1871 est
625 1801 771 1871 abditus.
797 1802 899 1873 Nunc
921 1803 1129 1887 superiorem
1152 1803 1325 1873 tentabo.’'

403 1935 487 2006 Pars
499 1955 587 2004 arcae
602 1933 754 2018 superior
767 1934 901 2005 ordines
914 1934 1109 2006 continebat
1128 1936 1319 2006 forulorum

319 2057 381 2121 per
389 2035 500 2116 series,
512 2034 594 2104 ordo
609 2042 682 2103 erat
698 2056 800 2118 super
814 2035 975 2116 ordinem,
985 2058 1071 2119 quos
1079 2036 1256 2120 fastigium
1268 2035 1326 2105 tri·

319 2143 480 2220 quetrum
495 2134 683 2215 claudebat,
697 2134 796 2203 cuius
809 2142 1011 2218 tympanum
1026 2134 1260 2218 pulcherrimis
1273 2156 1327 2205 or·

318 2235 488 2306 namentis
501 2233 604 2304 aeneis
618 2232 758 2303 nitebat.
781 2233 923 2304 Forulos
936 2235 998 2304 hos
1021 2235 1123 2304 ianua
1146 2234 1325 2305 claudebat

319 2336 466 2406 duarum
499 2334 689 2415 valvarum,
719 2333 753 2402 in
783 2333 894 2404 medio
924 2335 1215 2419 convergentium,
1237 2355 1324 2418 quas

319 2457 406 2521 opus
419 2434 592 2504 musivum
607 2433 700 2503 miris
715 2433 916 2517 ambagibus
938 2434 1098 2504 decorum
1112 2434 1147 2503 in
1162 2441 1322 2504 ornatum

320 2535 470 2621 tegebat.

404 2650 459 2723 “si
474 2650 609 2720 forulus
623 2651 776 2721 occultus
800 2651 932 2735 uspiam
948 2651 1003 2721 hic
1017 2651 1221 2733 delitescat‚”
1235 2650 1323 2721 hari-

320 2752 433 2824 olatur
448 2751 609 2835 Godfrey‚
626 2750 767 2820 “alicubi
782 2773 803 2821 a
818 2759 915 2834 tergo
936 2752 1137 2834 occultatur,
1152 2751 1243 2835 quod
1258 2751 1323 2822 illic

319 2853 467 3024 Smin
498 2851 634 2979 videtur
659 2873 731 2920 esse
760 2851 870 2920 inane.
893 2851 939 2921 At
963 2874 1045 2921 vero
1070 2851 1113 2921 de
1133 2851 1323 2936 detegenda

404 3068 536 3152 Digitos
549 3068 654 3152 igitur
669 3076 783 3137 crusto
799 3068 923 3138 iterum
947 3067 1102 3153 applicat,
1117 3076 1194 3138 tum
1208 3067 1323 3138 subita

319 3168 494 3254 perculsus
508 3167 720 3251 cogitatione,
736 3167 896 3250 parvulas
917 3167 1045 3251 figuras
1059 3189 1172 3238 aeneas
1185 3167 1220 3237 in
1236 3175 1323 3251 tyn

319 3292 408 3356 pano
422 3277 543 3349 tentat,
565 3267 689 3351 reperit
711 3275 826 3338 tamen
849 3289 908 3338 eas
929 3267 1052 3338 solidas
1077 3275 1113 3338 et
1135 3266 1323 3339 immobiles

319 3391 402 3441 ease

403 3484 540 3557 “Unum
556 3492 670 3554 tamen
685 3492 817 3554 certum
833 3486 915 3567 est‚”
935 3485 1032 3555 fatur
1052 3485 1188 3567 iterum,
1210 3483 1323 3555 “tech-

320 3608 411 3668 nam,
433 3585 677 3669 qualiscunque
698 3606 739 3654 ea
760 3585 966 3668 caeteroquin
989 3585 1043 3667 sit,
1065 3583 1229 3655 eiusmodi
1250 3606 1323 3655 esse

319 3686 440 3758 indolis
454 3694 493 3755 ut
508 3707 588 3754 casu
604 3685 747 3755 inveniri
762 3721 804 3730 -
818 3685 870 3754 uti
884 3685 989 3768 siquis
1002 3694 1106 3766 stans,
1127 3684 1222 3755 verbi
1245 3707 1324 3756 cau·

319 3808 366 3869 aa,
380 3786 471 3856 latus
485 3785 516 3855 ei
531 3785 684 3869 applicet,
699 3784 793 3854 nullo
807 3785 907 3854 modo
922 3785 1035 3869 possit
1071 3785 1144 3855 Nec
1167 3784 1249 3855 satis
1269 3792 1322 3856 est

319 3894 360 3957 ut
374 3885 572 3969 choragium
587 3893 722 3954 tantum
738 3906 889 3968 premas;
920 3885 1002 3968 quin
1025 3905 1161 3954 neeesse
1184 3883 1322 3955 videtur

317 4008 391 4059 esse
407 3985 528 4057 seriem
543 3984 693 4055 vectium
708 3992 802 4054 certo
830 3984 947 4055 ordine
973 3984 1110 4055 tractari
1132 3991 1168 4054 et
1190 3999 1323 4071 operari
