3128 5016
705 765 852 818 FULlfflN
1236 756 1277 824 41

279 934 327 1004 mi
342 934 471 1004 Lester.
493 933 662 1016 Exspecta
677 934 847 1017 paulisper
867 933 950 1003 dum
976 934 1094 1004 Parisii
1120 937 1278 1019 eloquan-

280 1043 340 1104 tur
349 1033 378 1103 l''

364 1134 456 1204 “Hoc
471 1133 686 1216 admoneor,”
701 1133 840 1216 inquam
856 1156 911 1204 me
927 1135 1071 1218 erigens,
1083 1134 1185 1206 “mihi
1197 1160 1280 1221 quo

280 1257 347 1318 que
375 1235 521 1305 Parisios
555 1234 813 1304 remulcandum
838 1257 912 1304 esse
946 1237 1085 1319 negotio
1126 1238 1276 1320 quodam

280 1336 386 1419 ipsius
400 1335 580 1405 Vantine.'’

364 1435 557 1505 “Eodemne
571 1435 637 1504 isto
652 1434 791 1517 negotio
797 1436 833 1505 ‘l'’

364 1536 463 1605 “Non
477 1536 560 1616 isto;
582 1535 755 1604 institores
770 1536 844 1605 eius
868 1537 957 1606 illinc
973 1540 1215 1622 supellectilem
1237 1543 1279 1623 ei,

280 1660 359 1722 quae
372 1659 441 1706 non
457 1658 520 1705 sua
533 1643 596 1717 est,
611 1635 850 1718 permiserunt.
867 1637 968 1707 Hunc
984 1661 1133 1709 errorem
1149 1664 1228 1711 cum
1239 1644 1280 1712 iis

280 1762 336 1809 me
350 1758 551 1820 componere
566 1735 696 1805 iussit.''

364 1839 468 1908 Pulsu
483 1837 571 1905 nolae
585 1857 730 1918 puerum
741 1836 924 1906 atriensem
936 1840 1107 1923 accersivi,
1119 1842 1280 1913 albulam¹

281 1939 497 2011 remulcalem
512 1936 630 2020 petivi,
645 1944 751 2019 atque
779 1938 941 2007 nuntium
956 1939 999 2009 ad
1014 1942 1167 2011 Armand
1183 1944 1214 2014 dr
1229 1946 1257 2014 F
1257 1947 1281 2015 i-

279 2043 362 2112 lium
378 2039 453 2108 misi
468 2059 526 2107 eos
540 2037 582 2106 de
597 2059 711 2106 errore
727 2037 920 2121 edocturus
936 2062 1130 2125 nomenque
1153 2044 1279 2118 domini

280 2163 378 2224 arcae,
393 2160 472 2223 quae
486 2137 587 2207 modo
601 2137 694 2218 apud
709 2137 857 2208 Vantine
873 2147 935 2221 est,
963 2141 1007 2210 ab
1033 2143 1074 2212 iis
1099 2148 1281 2226 postulavi.

281 2244 372 2312 Dum
387 2261 451 2323 ego
466 2238 545 2308 huic
568 2237 617 2306 rei
643 2259 782 2320 operam
807 2239 941 2323 dabam,
967 2241 1119 2326 Godtrey
1140 2248 1282 2319 medita-

278 2341 416 2413 bundus
429 2341 637 2420 fumansque
652 2337 791 2407 sedebat
816 2340 921 2409 oculis
946 2341 1029 2411 nihil
1054 2347 1282 2432 cernentibus,

280 2452 316 2514 et
332 2445 366 2511 in
382 2442 483 2510 inane
498 2438 591 2519 fixis;
625 2437 684 2507 sed
699 2459 807 2520 quum
823 2462 888 2523 ego
903 2441 1029 2511 iterum
1052 2446 1281 2533 consederam,

279 2544 498 2624 fumamque²
523 2540 566 2609 ad
591 2539 797 2622 colloquium
823 2543 1097 2625 prosequendum
1123 2549 1282 2620 accende

280 2666 363 2725 ram,
379 2641 510 2713 somnia
525 2662 587 2710 sua
602 2639 761 2723 excussit,
777 2640 946 2724 pileoque³
962 2652 1100 2727 sumpto
1122 2647 1157 2716 in
1179 2651 1283 2731 pedes

278 2767 314 2815 se
333 2743 450 2815 erexit.

363 2844 440 2914 “Me
455 2843 580 2913 iterum
596 2840 756 2910 natinari*
772 2843 938 2925 oportet,'’
953 2844 1060 2914 fatur.
1090 2845 1174 2918 “Hic
1190 2851 1282 2921 sede

279 2967 327 3028 re,
343 2946 625 3024 theoremataque
640 2952 756 3011 texere
772 2942 870 3024 plane
892 2943 976 3013 nihil
1000 2946 1150 3027 proderit
1175 2949 1282 3021 donec

279 3054 356 3116 tuta
371 3045 534 3115 iaciamus
548 3040 788 3123 fundamenta,
810 3043 935 3124 quibus
959 3045 1086 3128 aliquid
1112 3048 1281 3120 instruere

279 3146 476 3232 possimus.”

360 3247 460 3317 “Una
486 3245 608 3314 saltem
622 3245 659 3313 in
684 3265 721 3312 re
738 3243 946 3327 Goldberger
962 3267 1029 3315 non
1046 3249 1205 3333 erravit,''
1233 3251 1281 3320 in·

278 3370 393 3431 quam.
408 3346 511 3415 “Post
527 3353 628 3414 tuum
653 3343 838 3413 discessum
863 3345 1012 3415 ostendit
1036 3348 1133 3417 nobis
1157 3360 1281 3421 cuncta

377 3533 400 3583 l.
418 3527 539 3590 Albula,
556 3529 660 3589 charta,
674 3529 719 3581 cui
733 3528 804 3580 nihil
819 3529 981 3595 inscriptum
995 3537 1044 3591 est,
1064 3532 1110 3584 sed
1131 3533 1164 3584 ad
1187 3534 1282 3587 inscri-

278 3615 396 3668 bendum
409 3619 513 3679 parata.
526 3610 635 3664 Album
648 3612 779 3664 Romanis
791 3619 895 3664 notum.

377 3695 542 3750 wunsam
556 3702 657 3747 vocant
670 3695 763 3747 Latini
777 3696 899 3747 moderni
918 3698 1067 3758 vasculum,
1081 3701 1152 3765 quod
1165 3701 1281 3754 nicotia.

278 3785 313 3836 ud
331 3781 489 3841 referciunt,
511 3779 672 3840 accendunt,
695 3779 856 3844 fumumque
876 3795 923 3844 per
940 3778 1110 3845 suoibulum
1132 3792 1281 3854 exsugant·

375 3867 401 3918 3.
418 3862 519 3916 Pileuo
544 3869 733 3929 tegumentum
759 3868 800 3914 est
823 3864 929 3928 capitis,
952 3864 1139 3932 plerumquee
1160 3867 1279 3920 coactili

279 3950 391 4002 iactum.

372 4035 397 4085 4.
415 4029 570 4093 Natinari,
591 4034 735 4098 ootooere,
751 4047 809 4084 esse
824 4032 1011 4097 negotiosum:
1026 4039 1067 4085 est
1080 4034 1241 4088 Romanurn.
