3128 5016
627 820 813 876 secunauu
835 820 943 875 anca
1220 803 1283 874 263

285 996 324 1058 ut
349 989 483 1072 propria
507 989 644 1072 negotia
673 1011 841 1073 curarem,
870 987 1096 1072 reprehendit.
1133 988 1284 1071 Godrrey

282 1090 382 1170 enim,
399 1097 438 1159 ut
453 1090 644 1172 meministi,
661 1090 728 1160 iam
743 1090 872 1173 pridem
887 1111 967 1159 eum
982 1088 1199 1160 insectatur.''

363 1188 473 1270 “Quid
505 1191 532 1259 si
561 1212 626 1273 ego
655 1213 736 1260 eum
766 1212 947 1274 provocem
956 1189 992 1259 ?”
1023 1211 1172 1273 suggero
1204 1211 1279 1271 ego.

280 1288 533 1371 “quidquamne
548 1291 682 1361 obesset
691 1291 727 1360 ?’'

363 1388 477 1459 “Nihil
493 1412 553 1472 per
568 1394 664 1472 me,’'
683 1390 862 1474 respondet
877 1390 1078 1472 Simmonds‚
1108 1389 1191 1460 “nec
1212 1389 1280 1459 scio

280 1512 340 1572 per
356 1511 458 1572 quem
474 1491 588 1572 alium,
604 1491 879 1574 quandoquidem
895 1513 949 1562 res
963 1491 1090 1560 nemini
1101 1497 1183 1559 nota
1197 1490 1281 1559 est.”

363 1606 506 1676 “Placet.
530 1608 596 1678 Fac
611 1609 748 1677 interim
774 1616 815 1678 ut
840 1630 895 1678 res
916 1609 982 1678 ista
1006 1608 1097 1678 lente
1112 1607 1282 1689 trahatur,

279 1709 393 1791 sicque
409 1707 561 1791 Godfrey
580 1716 716 1792 tempus
740 1709 784 1779 ad
811 1709 878 1779 huc
901 1707 1169 1791 perveniendum
1198 1729 1278 1791 sup·

364 1909 555 1978 Simmonds
569 1910 700 1979 annuit.

364 2007 520 2078 “Faciam
535 2009 700 2093 quidquid
727 2011 882 2092 possim,”
909 2009 1092 2093 respondit,
1119 2007 1207 2079 “non
1234 2016 1284 2078 ta·

279 2130 357 2176 men
388 2109 553 2191 perspicio
593 2110 881 2191 quemadmodum
910 2111 944 2179 id
974 2110 1197 2193 profuturum
1227 2109 1280 2178 sit.

280 2209 469 2278 Praefectus
484 2230 552 2276 non
568 2209 726 2279 admittet
748 2232 827 2279 eum
843 2210 989 2280 etiamsi
1005 2209 1196 2278 adveniat.”

363 2324 496 2394 “Satius
512 2325 575 2394 erit
591 2348 666 2394 eam
682 2348 753 2395 rem
778 2348 881 2409 penes
904 2325 1056 2408 Godrrey
1081 2325 1281 2408 relinquere.

278 2427 431 2506 AEquum
448 2425 538 2493 enim
553 2433 605 2494 est
631 2433 672 2494 ut
695 2426 765 2508 ipse
790 2427 982 2508 edoceatur,
1006 2414 1282 2509 quandoquidem

279 2525 332 2592 ille
348 2532 467 2593 auctor
483 2533 534 2594 est
551 2547 656 2608 quare
672 2547 751 2594 arca
766 2525 812 2595 ibi
827 2526 872 2594 sit
887 2526 945 2595 ubi
961 2526 1044 2595 est.”

362 2640 420 2710 “ld
444 2663 512 2710 non
536 2664 591 2710 me
614 2642 776 2725 preterit,
799 2650 834 2711 et
860 2643 931 2724 ipse
954 2642 1095 2724 Piggott
1111 2663 1182 2710 rem
1197 2663 1282 2725 prae·

279 2742 403 2810 claram
419 2749 518 2823 putat
533 2763 646 2810 arcam
662 2742 726 2811 illic
742 2742 950 2811 reconditam
967 2764 1050 2824 esse,
1066 2741 1198 2811 etiamsi
1209 2741 1281 2824 ipse

279 2863 344 2922 ego
367 2863 503 2922 peream
527 2843 554 2910 si
579 2842 683 2911 sciam
709 2864 779 2911 cur.
811 2842 879 2910 Fac
908 2862 1034 2925 urgeas
1063 2840 1214 2923 Godrrey
1238 2841 1281 2910 ad

278 2962 381 3022 quam
396 2941 569 3010 celerrime
585 2942 846 3011 adveniendum.
863 2942 946 3011 Vale
961 2941 1078 3023 bene,”
1093 2941 1218 3024 quibus
1232 2941 1281 3010 di·

278 3040 342 3109 ctis
356 3062 436 3109 suos
451 3041 599 3122 comites,
616 3041 651 3110 in
667 3042 848 3111 stationem
864 3049 1002 3111 secutus
1016 3048 1078 3110 est.

363 3159 472 3240 Prope
487 3158 521 3227 in
538 3159 663 3240 angulo
679 3159 789 3241 reperi
810 3159 1020 3241 apothecam,
1035 3157 1217 3227 stationem
1232 3164 1282 3226 te-

279 3256 498 3340 lephonicam,
513 3280 552 3327 ac
567 3259 646 3328 bina
661 3259 794 3328 minuta
809 3266 885 3341 post
900 3279 979 3328 cum
995 3257 1126 3327 urbana
1147 3258 1281 3328 Record

280 3357 413 3426 officina
427 3358 651 3440 colloquebar.

363 3474 644 3557 “Nequaquam'’
661 3475 834 3557 respondit
851 3496 916 3544 vox
932 3474 1076 3544 alicuius
1090 3472 1283 3556 supercilio·

280 3576 317 3658 si,
333 3575 456 3644 “herus
471 3575 622 3657 Godfrey
637 3597 705 3643 non
721 3582 773 3644 est
788 3575 860 3654 hic;
885 3575 998 3657 paullo
1008 3581 1089 3642 ante
1100 3573 1282 3643 discessit.”

280 3677 350 3745 Nec
366 3678 547 3745 collocutor
563 3675 689 3745 sciebat
704 3697 772 3758 quo
794 3675 848 3743 ille
863 3675 989 3756 ivisset,
1004 3681 1066 3743 aut
1081 3673 1220 3757 quando
1236 3695 1286 3743 re·

280 3797 441 3844 versurus
456 3783 555 3845 esset.

364 3889 474 3970 “Quin
490 3892 603 3972 audi‚’'
618 3894 672 3960 aio
687 3891 742 3973 illi,
759 3890 834 3959 “res
849 3890 914 3960 ista
928 3889 1044 3973 gravis
1058 3897 1120 3960 est.
1136 3889 1280 3972 Oportet

279 3998 317 4060 ut
332 4013 411 4059 cum
427 4013 467 4059 eo
481 4013 581 4072 agam
597 4027 635 4036 -
653 4013 714 4060 nec
728 4014 783 4062 me
805 3990 989 4060 demoreris
1003 3989 1184 4072 quominus
1198 4011 1278 4060 cum

279 4092 518 4161 concinnatore
534 4091 665 4161 urbano
680 4092 831 4175 loquar.”
