3128 5016
581 798 705 850 uanus
727 798 945 850 vuuuuuarn
1182 784 1223 851 23

224 967 314 1036 enim
330 969 464 1036 Record
480 967 573 1035 nulla
588 975 686 1035 erant
702 988 793 1035 nova
808 967 871 1035 nisi
887 966 1020 1035 insolita
1037 972 1139 1048 atque
1156 975 1226 1035 stu·

225 1067 345 1150 penda,
361 1067 453 1135 unde
468 1088 529 1149 per
544 1088 579 1134 se
594 1065 802 1148 sequebatur
818 1068 979 1135 relatores
993 1067 1127 1136 Record
1142 1088 1226 1135 sem·

224 1188 285 1249 per
299 1167 409 1235 enisos
423 1165 530 1235 fuisse
545 1174 584 1235 ut
600 1166 713 1234 omnia
727 1166 761 1234 in
773 1166 907 1235 insueta
922 1189 960 1234 ac
976 1166 1155 1249 stupenda,
1171 1165 1227 1234 de·

225 1266 384 1335 trimento
400 1266 539 1347 reliquae
554 1266 661 1348 partis
676 1265 905 1347 dicendorum,
920 1265 1099 1346 inflarent;
1129 1273 1227 1335 caete-

224 1388 311 1447 rum,
326 1388 388 1434 nec
405 1366 467 1434 hoc
484 1387 570 1445 raro,
586 1374 625 1434 ut
642 1387 771 1446 vereor,
798 1388 904 1448 quum
929 1365 1145 1448 particularia
1171 1365 1226 1434 de

224 1475 345 1546 essent,
361 1488 401 1535 ea
418 1487 556 1547 prorsus
571 1487 590 1534 e
605 1466 709 1534 nihilo
724 1466 1068 1535 comminiscerentur.

304 1566 379 1648 lpse
394 1566 478 1634 adeo
495 1565 655 1647 Godirey,
672 1588 732 1634 nec
742 1567 854 1647 semel,
875 1588 954 1635 reus
965 1567 1225 1636 existimabatur

225 1667 361 1748 ingenio
377 1665 579 1734 exuberanti
597 1686 659 1734 suo
675 1665 839 1748 figmenta
854 1666 1138 1736 comminiscendi.
1154 1667 1225 1736 Nec

224 1759 321 1835 abest
336 1766 477 1848 suspitio
493 1788 583 1846 eum,
600 1766 752 1848 deposito
767 1787 919 1846 munere,
934 1767 1047 1848 copias
1061 1775 1226 1849 agentum

225 1867 406 1948 reliquisse,
423 1887 527 1947 seque
543 1865 665 1934 diurno
682 1867 815 1934 Record
831 1866 864 1934 in
881 1866 1059 1934 servitium
1085 1866 1227 1935 dedidis-

223 1988 269 2034 se.
292 1965 390 2048 Quod
406 1968 495 2034 enim
513 1966 546 2034 in
564 1966 663 2048 priori
692 1987 835 2034 munere
851 1966 885 2033 in
902 1988 1044 2034 numero
1071 1967 1228 2035 defectus

224 2066 340 2135 haberi
357 2073 500 2148 poterat,
516 2066 550 2134 in
566 2065 742 2148 posteriori
759 2066 907 2133 maximo
933 2067 1055 2134 merito
1082 2066 1225 2134 adscribi

224 2166 363 2245 licebat;
379 2173 471 2235 certe
486 2174 618 2235 constat
644 2188 722 2235 eum
750 2188 920 2234 summum
940 2189 1132 2235 successum
1155 2188 1226 2234 esse

223 2274 428 2335 assecutum.

308 2365 478 2434 Caeterum
494 2366 635 2434 lectores
651 2366 797 2433 monitos
813 2387 885 2434 esse
901 2368 977 2434 volo
992 2389 1048 2435 me
1063 2366 1136 2434 haec
1159 2388 1226 2434 non

224 2487 377 2534 censurae
391 2487 494 2534 causa
510 2487 708 2533 memorare.
733 2465 818 2534 Cum
835 2465 985 2547 Godfrey
1002 2466 1128 2534 etenim
1144 2466 1226 2534 mihi

224 2567 342 2634 intimi
357 2565 501 2646 contigit
527 2565 759 2633 familiaritate
783 2565 845 2645 uti,
869 2565 960 2647 quod
983 2588 1063 2634 casu
1090 2566 1228 2634 coniun-

226 2665 363 2735 ctissimi
380 2665 469 2733 inter
484 2687 545 2733 nos
559 2665 640 2732 facti
660 2686 779 2732 sumus
795 2664 872 2733 inde
898 2686 917 2732 a
942 2665 1153 2747 temporibus
1179 2687 1228 2734 so

225 2765 287 2834 luti
303 2763 468 2846 Holladay
495 2765 620 2844 arcani,
645 2763 792 2845 indeque
818 2765 891 2832 eius
906 2765 1127 2846 sagacitatem
1142 2787 1228 2833 nun-

225 2887 329 2947 quam
345 2886 412 2932 non
429 2887 471 2932 ex
486 2864 586 2933 corde
613 2864 751 2932 maximi
779 2865 855 2944 ieci,
881 2887 980 2946 aeque
1004 2887 1042 2933 ac
1069 2864 1227 2932 fiduciam

225 2965 277 3033 sui
293 2965 536 3044 inconcussam,
559 2966 771 3045 celeremque
801 2986 855 3032 res
878 2963 1098 3046 perspiciendi
1123 2965 1229 3032 facul·

225 3073 340 3132 tatem.
364 3064 416 3132 lta
431 3063 504 3145 ipse
530 3086 591 3132 sua
616 3063 823 3145 imaginandi
847 3065 1011 3132 facultate
1036 3064 1086 3131 uti
1110 3086 1229 3133 consu·

224 3164 306 3243 evit,
322 3170 362 3231 ut
378 3183 441 3246 ego
457 3185 546 3246 saepe
563 3185 701 3232 mecum
718 3170 913 3245 reputarem
940 3171 1069 3246 quanto
1095 3165 1172 3245 plus
1194 3164 1229 3232 li·

225 3271 336 3332 ctores
351 3263 456 3331 nostri
473 3264 629 3333 acumine
645 3272 792 3345 possent,
808 3263 834 3331 si
852 3264 999 3345 quadam
1014 3271 1111 3345 parte
1127 3263 1229 3332 huius

225 3363 350 3445 ingenii
368 3363 501 3444 praediti
517 3371 648 3443 essent;
672 3363 798 3444 saepius
824 3364 926 3431 etiam
952 3363 1100 3445 comperi
1127 3363 1230 3431 huius

224 3486 287 3546 ope
302 3485 359 3532 cos
382 3463 530 3532 multum
561 3463 741 3542 delectari;
771 3464 978 3545 caeteroquin
1004 3485 1066 3531 sua
1090 3485 1168 3532 cum
1190 3463 1231 3531 iis

225 3565 334 3647 prisca
347 3564 550 3644 coniuncti0,
575 3563 710 3645 fidaque
735 3564 768 3631 in
794 3563 949 3632 amicitiis
965 3563 1228 3646 perseverantia,

225 3686 310 3746 quas
325 3671 407 3732 tunc
424 3665 588 3746 temporis
604 3663 852 3743 conciliaverat,
869 3685 1040 3732 accessum
1057 3662 1098 3730 ad
1121 3685 1161 3730 ea
1185 3663 1230 3730 lo·

208 3786 264 3854 'ca
278 3763 339 3833 sibi
355 3770 654 3846 comparaverunt,
667 3784 744 3844 quae
760 3763 842 3844 aliis,
859 3762 972 3831 minus
982 3762 1169 3831 fortunatis
1180 3784 1230 3831 re·

223 3863 388 3932 latoribus
412 3861 504 3932 haud
543 3865 711 3945 paterent.
745 3863 869 3932 Actum
896 3862 1081 3944 quemlibet
1112 3862 1226 3931 minus

225 3962 439 4044 probandum
454 3983 632 4045 nunquam
656 3984 735 4030 eum
762 3961 965 4030 commisisse
980 3961 1128 4042 memini,
1144 3983 1230 4030 nun·

225 4083 328 4144 quam
346 4062 437 4130 enim
451 4084 590 4131 causam
606 4061 668 4131 sibi
685 4061 846 4131 iniustam
865 4061 970 4129 visam
987 4061 1229 4143 propugnavit,
