3128 5016
489 788 709 842 normannus
731 789 1024 844 nrcmmovrrcn
1220 775 1283 846 279

280 977 495 1038 gemmarum
511 956 715 1026 mirabilium
742 957 775 1026 in
799 965 972 1040 postrema
995 958 1162 1041 congerie.
1184 958 1284 1030 “Cro

280 1056 384 1125 chard
400 1056 461 1126 has
476 1079 494 1125 e
509 1057 731 1139 compagibus
746 1058 872 1127 avulsit
887 1059 975 1128 -id
992 1059 1113 1128 evitari
1123 1059 1216 1129 haud
1227 1081 1283 1143 po

281 1163 380 1225 terat.
403 1156 592 1240 Compages
607 1157 697 1226 enim
713 1178 835 1226 aureas
850 1157 1066 1241 liquefacere,
1090 1181 1282 1242 aurumque

280 1256 429 1326 vendere
443 1257 542 1326 facile
558 1257 669 1339 potuit
678 1279 686 1338 ;
709 1258 768 1326 sed
783 1279 998 1340 gemmarum
1013 1260 1124 1329 nullas
1148 1259 1184 1328 in
1210 1267 1283 1330 tota

280 1355 427 1440 Europa,
454 1378 514 1439 per
540 1357 731 1439 complures
755 1379 863 1427 annos
891 1358 921 1426 ei
945 1359 1155 1429 venumdare
1179 1359 1282 1429 licuit.

280 1455 505 1539 Unaquaeque
521 1457 647 1526 etenim
663 1478 781 1526 earum
797 1466 897 1527 notas
918 1458 1064 1528 ferebat.
1073 1459 1203 1529 Verum
1218 1459 1283 1542 hic,

280 1555 315 1624 in
331 1556 497 1638 America,
512 1556 604 1625 haud
620 1557 750 1625 vivitur
766 1565 837 1626 tam
852 1559 955 1628 arctis
979 1559 1112 1641 legibus
1134 1567 1169 1629 et
1190 1559 1284 1629 insti·

280 1655 365 1724 tutis
390 1656 545 1737 lictoriis;
568 1663 694 1738 tamen,
717 1664 758 1726 ut
783 1657 911 1739 opinor,
937 1658 1041 1728 etiam
1064 1658 1157 1728 hicce
1178 1665 1284 1728 terra·

280 1777 366 1838 rum,
382 1757 502 1825 saltem
517 1757 616 1825 istam
631 1779 736 1825 unam
753 1757 845 1826 haud
869 1759 968 1827 facile
992 1759 1203 1829 venumdare
1225 1780 1283 1843 po·

280 1856 433 1937 tuisset,’'
464 1857 589 1939 quibus
612 1856 725 1926 verbis
747 1858 907 1927 ultimum
933 1858 1034 1928 solvit
1056 1859 1283 1942 manipulum,

279 1957 371 2025 etad
386 1957 500 2025 lumcn
516 1957 639 2026 extulit
654 1979 828 2027 rosaceum
844 1958 1070 2041 adamantem,
1083 1959 1141 2042 qui
1152 1960 1283 2043 magni·

279 2056 398 2126 tudine
414 2057 609 2139 iuglandem
625 2079 761 2140 aequare
776 2058 967 2140 videbatur,
983 2058 1278 2142 pulcherrimoque

280 2158 389 2226 colore
405 2157 617 2226 scintillabat.

364 2257 542 2327 “Fortasse
558 2258 593 2326 in
609 2258 773 2340 Apollinis
794 2259 893 2341 Aula,
909 2260 944 2328 in
960 2260 1106 2342 Louvre,
1130 2260 1283 2344 aliquan·

280 2357 323 2427 do
338 2358 382 2427 ad
397 2359 602 2428 intuendum
618 2381 656 2428 ac
672 2358 865 2427 mirandum
887 2359 1106 2429 adamantem
1132 2361 1281 2430 Mazarin

278 2458 506 2539 constitistis,”
521 2459 569 2527 ait
581 2459 685 2528 herus
696 2459 805 2541 Pigot.
818 2459 934 2529 “Circa
949 2460 1031 2529 illud
1052 2461 1279 2543 specularium

279 2560 481 2642 plerumque
497 2559 599 2628 turba
615 2568 845 2642 spectatorum
867 2568 1030 2642 moratur,
1046 2562 1089 2629 ad
1106 2583 1209 2644 quem
1224 2583 1281 2630 cu·

280 2659 495 2729 stodiendum
520 2660 673 2742 specialis
696 2661 905 2730 constitutus
919 2668 971 2730 cst
987 2661 1173 2743 excubitor,
1190 2662 1282 2745 quod

280 2759 314 2827 id
330 2781 459 2828 merces
489 2761 613 2828 summi
644 2761 743 2843 pretii
773 2761 870 2829 celat.
903 2762 950 2830 At
973 2783 1093 2830 earum
1115 2761 1280 2832 mercium

280 2859 429 2929 Mazarin
454 2861 548 2929 nulla
574 2869 635 2942 est,
662 2861 822 2942 quoniam
848 2883 910 2930 nec
934 2883 975 2930 ea
997 2883 1052 2931 res
1065 2861 1204 2932 adamas
1217 2869 1280 2944 est,

280 2960 363 3042 quin
379 2961 492 3042 potius
506 2983 600 3030 mera
614 2970 712 3044 pasta
727 2998 767 3006 -
782 2962 1033 3031 imitamentum
1048 2969 1100 3031 est
1115 2984 1158 3032 ex
1172 2970 1281 3046 pasta,

280 3060 377 3129 cuius
391 3060 598 3143 archetypus
611 3061 664 3130 bic
679 3062 817 3131 adamas
833 3070 893 3131 est.
927 3062 1142 3145 Caeteroquin
1157 3084 1212 3132 res
1225 3062 1281 3132 illa

279 3182 418 3242 prorsus
441 3161 545 3243 proba
560 3168 596 3230 et
610 3161 753 3231 honesta
778 3163 862 3244 est,”
887 3161 1046 3243 subdidit,
1070 3161 1282 3246 quandoqui-

280 3260 358 3329 dem
374 3260 489 3343 Grady
504 3283 582 3330 cum
598 3261 763 3331 derisione
779 3270 959 3345 exceperat
980 3262 1108 3331 audita.
1139 3261 1283 3332 “Paucis

279 3360 323 3429 ab
348 3360 426 3429 hinc
451 3362 549 3430 annis
574 3370 723 3432 rectores
748 3363 884 3432 Louvre
910 3362 1105 3445 pecuniario
1133 3363 1282 3445 egebant

280 3461 390 3529 fundo
405 3462 448 3529 ad
464 3484 571 3531 novas
585 3463 832 3546 praestinandas
847 3463 981 3533 tabulas
995 3463 1112 3546 pictas,
1127 3470 1162 3533 et
1177 3463 1221 3532 ad
1233 3485 1284 3533 re·

280 3561 456 3630 novandas
471 3563 639 3645 antiquas.
662 3563 781 3631 Visum
797 3563 859 3631 illis
875 3569 927 3632 est
954 3562 1135 3632 dementiae
1159 3562 1284 3633 similli-

280 3683 376 3729 mum
391 3683 464 3729 esse
480 3663 584 3730 trium
594 3663 781 3732 millionum
791 3664 988 3731 francorum
999 3663 1149 3732 valorem
1160 3662 1196 3732 in
1207 3663 1281 3732 uni·

279 3784 319 3831 ca
333 3784 469 3844 gemma
495 3765 601 3832 veluti
627 3765 802 3845 captivum
828 3764 894 3832 illic
909 3763 1027 3844 teneri,
1053 3763 1137 3833 dum
1152 3762 1205 3832 sui
1220 3762 1282 3832 Mi·

279 3862 412 3931 chaeles
427 3863 560 3945 Angeli,
584 3864 626 3932 da
652 3864 770 3945 Vincii,
793 3872 897 3946 atque
913 3863 1038 3932 lllurilli
1053 3863 1088 3931 in
1103 3862 1192 3933 diem
1208 3884 1282 3933 mu·

278 3971 451 4031 cescerent
460 3972 494 4031 et
504 3963 759 4033 conficerentur.
770 3964 967 4047 Emptorem
975 3962 1091 4046 itaque
1100 3984 1162 4046 pro
1171 3963 1281 4034 Maza·

281 4063 332 4131 rin
362 4064 606 4145 quaesiverunt,
637 4073 671 4133 et
700 4071 902 4147 repererunt
932 4063 1142 4147 emptricem,
1172 4063 1281 4148 ipsam
