3128 5016
279 767 343 837 260
539 784 747 839 ursrrnruu
769 786 877 840 anon
899 778 1019 840 noune

279 959 490 1034 supportent.
513 953 665 1035 Insuper,
680 954 810 1036 utique,
826 962 861 1023 et
886 953 1052 1023 culinaria
1072 975 1128 1023 ars
1153 952 1283 1023 accedit

279 1051 507 1134 ponderanda,
524 1075 603 1136 quae
618 1053 756 1136 quidem
777 1054 860 1124 nihil
884 1054 976 1137 quod
999 1053 1212 1124 desideretur
1232 1074 1285 1122 re·

282 1151 415 1234 linquit

367 1253 489 1322 Animo
506 1253 569 1323 hac
584 1276 728 1336 vespera
742 1255 801 1324 tali
810 1276 904 1324 eram
914 1262 956 1325 ut
967 1256 1079 1324 locum
1092 1252 1184 1323 hunc
1195 1253 1286 1336 aequi

282 1352 429 1434 bonique
444 1354 611 1436 facerem;
633 1377 696 1423 nec
719 1355 845 1424 mirum
862 1355 888 1424 si
905 1355 1058 1424 ordinem
1084 1375 1193 1424 coenae
1213 1362 1286 1423 tarn

283 1452 388 1522 otiose
405 1461 606 1535 prosecutus
620 1455 693 1537 sim,
718 1462 923 1538 tantumque
946 1454 1109 1537 temporis
1128 1453 1218 1524 circa
1238 1453 1288 1523 ni·

282 1575 379 1635 gram
395 1554 519 1622 caffam
535 1555 764 1638 volvellasque
776 1555 940 1638 triverim,
955 1563 995 1624 ut
1010 1555 1077 1624 iarn
1093 1553 1224 1624 decima
1238 1576 1288 1624 es

284 1660 337 1721 set
362 1653 446 1722 hora
470 1675 582 1736 quum·
594 1655 629 1722 in
652 1655 744 1724 viam
771 1655 1074 1738 Quadragesimam
1097 1652 1288 1723 Secundam

285 1775 443 1833 egressus
458 1776 576 1823 essem.
600 1755 661 1824 Vel
676 1762 849 1825 momento
872 1755 993 1824 diremi
1007 1755 1115 1824 satius
1137 1775 1211 1823 esse
1231 1775 1288 1837 pe·

284 1853 385 1923 dibus
400 1853 539 1923 domum
562 1855 747 1937 ambulare,
772 1855 915 1938 ideoque
938 1854 981 1924 ad
1008 1853 1221 1924 Latamviarn
1238 1875 1288 1923 re-

285 1975 423 2035 gressus
437 1976 523 2036 sum,
539 1977 617 2038 quae
632 1956 699 2025 iarn
727 1956 837 2026 turbis
852 1978 871 2025 e
887 1955 1030 2025 theatris
1050 1952 1288 2023 excedentium

285 2060 415 2123 scatere
430 2055 543 2138 coepit.

368 2154 558 2237 Saepissime
574 2163 614 2225 ut
629 2178 705 2225 eam
715 2156 879 2238 videram,
894 2163 1009 2225 tamen
1026 2153 1170 2223 Latavia
1182 2160 1288 2223 noctu

285 2255 508 2324 candentibus
523 2255 597 2325 eius
611 2256 727 2339 signis,
742 2256 854 2326 turbis
868 2254 1091 2336 variantibus,
1115 2253 1290 2335 clangenti

288 2355 522 2425 vehiculorum
538 2364 686 2439 caterva,
702 2379 741 2426 ac
757 2357 904 2439 denique
919 2355 1140 2424 tabernarum
1154 2353 1290 2423 illustri·

287 2455 352 2524 bus
366 2457 580 2536 ostentariis‚¹
597 2457 682 2525 miro
697 2457 798 2526 modo
823 2479 878 2525 me
903 2455 1062 2525 devincit.
1088 2454 1193 2523 Recte
1217 2454 1291 2537 qui·

289 2555 366 2623 dem
394 2556 506 2639 Grady
533 2557 648 2626 docuit
670 2557 834 2626 “festivos
856 2555 1021 2625 Parisi0s”
1043 2553 1127 2623 nihii
1141 2553 1292 2637 calequo

286 2656 423 2737 gloriari
439 2665 562 2739 posset,
577 2657 721 2738 habere;
737 2665 774 2726 at
789 2679 832 2726 ne
848 2656 914 2725 alia
929 2655 1066 2738 quidem
1082 2653 1174 2735 urbs,
1185 2675 1292 2737 quan·

289 2762 363 2825 tum
380 2779 445 2840 ego
460 2758 573 2827 sciam.
596 2759 666 2826 Ista
681 2779 821 2840 prorsus
834 2756 934 2826 unica
948 2762 1012 2836 est,
1027 2776 1177 2836 vereque
1192 2754 1292 2824 Arne·

289 2857 419 2938 ricana;
444 2858 540 2940 proin
562 2857 778 2927 obambulavi
801 2878 877 2926 eam
901 2855 993 2924 omni
1017 2876 1086 2938 quo
1109 2875 1172 2937 par
1196 2875 1290 2923 erarn

288 2958 367 3039 otio,
394 2966 435 3028 ut
450 2959 561 3027 omnia
576 2959 650 3027 eius
664 2958 911 3027 oblectamenta
933 2955 1159 3039 perciperem
1175 2960 1292 3024 tamen

289 3058 432 3128 subinde
448 3059 518 3128 stiti
533 3059 576 3128 ad
591 3059 760 3127 cernenda
780 3056 1033 3137 ostentamina,²
1057 3062 1162 3138 atque
1176 3054 1221 3123 ad
1238 3054 1294 3123 Di·

290 3160 478 3228 versorium
494 3159 655 3229 Hoffman
672 3159 824 3239 -eheu,
840 3158 908 3227 iam
925 3156 1095 3226 nudatum
1118 3176 1181 3225 suo
1206 3155 1294 3224 Bou·

291 3284 442 3346 guereau
462 3260 556 3329 -ad
578 3282 693 3329 meum
718 3280 808 3342 penu
831 3257 1056 3327 volvellarum
1079 3255 1295 3339 explendum.

394 3499 417 3550 1.
437 3493 619 3556 ostentat-ia,
642 3508 689 3546 -au
716 3492 829 3545 subaudi
848 3490 997 3557 semetra,¹
1016 3489 1081 3542 licet
1098 3494 1191 3541 tamen
1209 3492 1238 3541 et
1250 3503 1298 3540 na

294 3583 368 3636 mine
382 3580 555 3634 substantivo
569 3576 774 3636 ostentat-ium,
788 3575 824 3627 -ii
838 3575 879 3628 uti
904 3591 952 3640 per
975 3590 1013 3626 se.
1030 3572 1198 3625 Vocabulum
1223 3571 1297 3625 istud

294 3667 424 3721 Romanis
440 3664 531 3724 mira,
559 3666 703 3721 martana,
732 3657 880 3727 prodigia,
896 3666 924 3711 et
938 3658 1039 3723 scripta
1052 3657 1085 3709 de
1099 3656 1151 3716 his,
1164 3662 1248 3722 atque
1263 3655 1299 3708 de

295 3750 435 3803 vaticiniis
448 3746 630 3813 significabat,
643 3762 697 3797 non
711 3751 802 3796 tamen
816 3760 862 3808 per
880 3759 917 3802 se,
930 3742 977 3794 seui
990 3757 1037 3807 per
1048 3739 1299 3805 exaggerationem.

296 3836 417 3887 (intento
430 3833 504 3885 enirn
517 3837 559 3883 est
572 3828 691 3881 osteruio
705 3829 870 3893 frequenter.
883 3833 965 3886 atoue
976 3830 1124 3890 aspectum.
1143 3822 1240 3882 visum,
1258 3822 1299 3875 in·

295 3921 396 3973 tuitum
410 3915 632 3983 praetereuntium
659 3919 747 3977 captu,
760 3913 799 3964 ita
813 3917 843 3963 ut
856 3916 948 3962 nestro
972 3908 1034 3961 usui
1060 3906 1151 3973 aptius
1163 3906 1200 3959 ait
1213 3920 1299 3971 qum

295 4005 477 4056 Romanorum
492 3999 552 4052 usui
567 3999 649 4063 longe
662 3996 756 4062 petito.

394 4089 418 4140 2
439 4085 638 4143 ostentamen,
656 4077 741 4132 inin
756 4095 791 4139 n..
804 4079 831 4131 id
845 4077 920 4143 quod
932 4081 1098 4129 ostentatur.
