3128 5016
613 781 749 835 unsrun
769 781 808 835 nv
829 781 946 836 causa
1238 765 1280 836 65

363 947 536 1019 “Intuitus
551 950 634 1019 satis
649 950 837 1020 sufficiebat
851 950 894 1020 ad
909 950 1167 1033 intelligendum
1182 972 1282 1033 opem

281 1049 366 1118 nulli
380 1050 456 1119 iore
471 1051 581 1132 usui,'’
596 1051 770 1134 respondit
786 1051 924 1134 Rogers,
946 1051 1128 1134 respiciens
1151 1051 1186 1119 in
1209 1072 1281 1119 rem

279 1151 477 1220 convulsam
493 1151 527 1220 in
543 1152 613 1221 solo
638 1151 815 1233 iacentem,
829 1174 898 1220 non
914 1152 985 1221 sine
1001 1151 1184 1221 manifesto
1207 1151 1282 1219 hor-

280 1271 364 1320 rore.

362 1366 478 1450 Grady
492 1390 572 1438 eum
587 1390 649 1452 pro
664 1376 836 1438 momento
857 1369 925 1438 acri
949 1368 1073 1438 obtutu
1098 1368 1283 1450 conspexit,

279 1466 338 1535 sed
353 1469 446 1537 nulla
461 1469 599 1538 subesse
614 1491 718 1539 causa
733 1468 915 1539 videbatur
930 1491 1035 1551 quare
1051 1469 1281 1537 narrationem

280 1566 425 1636 bominis
439 1568 474 1637 in
490 1569 633 1639 dubium
648 1578 795 1639 vocaret.
818 1570 904 1639 Dein
926 1569 1088 1638 Delectus
1113 1568 1282 1638 Lictorius

279 1665 314 1734 in
329 1668 481 1736 conclavi
496 1669 745 1752 circumspexit.

364 1782 446 1854 “Est
461 1784 515 1854 hic
530 1786 657 1868 aliquid
673 1786 763 1868 quod
779 1808 900 1868 capere
910 1787 1074 1869 neque0,”
1086 1785 1164 1855 dein
1175 1786 1281 1866 fatur,

280 1881 336 1953 “et
351 1883 415 1953 hoc
430 1892 493 1967 est,
509 1885 591 1968 quid
607 1886 754 1954 Vantine
775 1887 907 1955 cunctis
923 1887 975 1956 his
989 1886 1174 1957 luminibus
1199 1885 1282 1955 indi-

279 1985 404 2066 guerit.
427 1985 597 2069 Quidnam
612 1985 683 2068 ipse
699 1985 752 2055 hic
768 1987 922 2068 agitabat
930 1987 967 2056 ?'’

364 2101 452 2171 “Pro
466 2111 558 2172 certo
574 2103 669 2185 scire,
685 2103 731 2172 mi
757 2104 857 2186 Here,
883 2104 1005 2186 utique
1030 2125 1098 2171 non
1122 2124 1280 2185 possum;

279 2208 432 2272 attamen
448 2203 604 2272 existimo
619 2226 700 2272 eum
716 2205 908 2287 congeriem
935 2203 1106 2272 variarum
1133 2224 1218 2285 quas
1239 2224 1281 2271 ex

280 2301 418 2385 Europa
439 2303 684 2386 importaverat
706 2305 964 2386 supellectilium
991 2302 1196 2386 aspectabat.
1233 2302 1282 2371 Ut

280 2402 342 2471 tibi
357 2403 544 2485 cognitum,
559 2403 631 2485 ipse
645 2404 853 2486 conquisitor
867 2406 992 2474 callens
1017 2404 1140 2472 harum
1166 2424 1280 2470 rerum

279 2502 358 2571 fuit.
380 2502 468 2572 Sunt
482 2503 635 2586 quinque
650 2510 712 2572 aut
727 2525 786 2572 sex
801 2504 964 2573 eiusmodi
988 2526 1042 2572 res
1067 2503 1102 2571 in
1126 2501 1281 2571 cubiculo

280 2602 465 2684 proximo.’'

364 2718 442 2788 Sine
457 2719 562 2789 verbo
577 2719 692 2802 Grady
708 2720 865 2802 surrexit,
880 2720 1108 2802 transivitque
1132 2719 1166 2786 in
1191 2717 1283 2786 cubi·

279 2819 395 2888 culum
410 2820 620 2902 contiguum,
635 2842 697 2889 nos
711 2842 792 2889 vero
808 2828 884 2903 post
895 2843 974 2889 eum
985 2843 992 2901 ;
1005 2820 1135 2901 Rogers
1145 2824 1282 2887 tantum

280 2920 443 2989 remansit
468 2921 528 2989 ubi
553 2921 696 2990 sederat.
730 2921 868 2989 Memini
882 2943 937 2989 me
952 2941 1012 3002 per
1027 2919 1210 2988 humerum
1232 2939 1282 2985 re-

280 3020 427 3102 spexisse
444 3020 637 3103 vidisseque
652 3043 756 3103 quam
779 3021 849 3103 ipse
864 3043 936 3089 sese
951 3021 986 3088 in
1002 3021 1083 3088 sella
1105 3017 1283 3100 congloba-

281 3120 379 3202 verit‚
405 3121 473 3190 acsi
499 3121 628 3202 grande
652 3121 822 3202 quoddam
848 3144 934 3190 onus
959 3142 1039 3189 eum
1063 3118 1282 3201 oppressisset

283 3221 538 3303 quamprimum
554 3243 616 3288 nos
631 3229 729 3301 terga
743 3229 965 3289 verteremus.

365 3321 528 3390 Memoria
543 3322 672 3402 Rogers
688 3328 803 3389 tamen
819 3321 901 3389 mihi
916 3322 951 3389 in
968 3326 1151 3403 conspectu
1167 3340 1282 3386 rerum

280 3428 361 3490 ante
376 3443 438 3489 nos
454 3421 640 3503 positarum
656 3421 723 3489 cito
739 3421 872 3490 excidit.

365 3538 566 3607 Cubiculum
578 3538 720 3608 interius
735 3540 911 3621 splendore
934 3538 1102 3607 luminum
1118 3543 1192 3605 erat
1207 3559 1282 3619 per-

279 3639 408 3718 fusum,
423 3640 573 3721 supellex
588 3647 705 3706 autem
720 3639 790 3708 sine
807 3640 923 3708 ordine
939 3646 1012 3708 erat
1026 3638 1175 3718 disiecta,
1191 3658 1283 3719 pror·

280 3760 339 3808 sus
355 3747 395 3807 ut
410 3760 474 3820 ego
489 3745 590 3806 antea
605 3738 704 3807 hodie
719 3740 880 3808 videram.
896 3740 973 3808 Una
988 3746 1124 3808 tantum
1139 3759 1194 3805 res
1209 3744 1282 3804 erat

280 3840 353 3908 loco
369 3861 430 3907 suo
446 3838 583 3919 dimota,
601 3861 641 3907 ea
655 3847 771 3908 autem
786 3847 861 3908 erat
876 3862 954 3908 arca
970 3840 1085 3908 Boule.

366 3956 447 4025 Haec
463 3955 506 4024 ad
522 3955 671 4024 medium
687 3979 796 4038 usque
811 3957 1004 4026 cubiculum
1025 3963 1099 4025 erat
1115 3959 1281 4036 promota,

280 4059 367 4129 etin
383 4056 613 4142 plenissimum
629 4057 798 4142 fulgorem
814 4058 981 4129 luminum
1005 4053 1196 4129 candelabri
1218 4053 1282 4126 col·
